3274 4934
743 349 957 409 ..Ῑὸ-

284 538 375 605 cuius
396 558 512 604 nomen
531 535 710 620 (Balbillae)
730 536 764 602 in
785 559 817 602 n.
837 538 911 600 988.
930 537 1004 598 999.
1019 537 1078 600 991
1105 534 1224 601 diserte
1244 531 1414 601 indicatur.

285 643 378 708 Duae
400 642 511 708 horum
539 641 713 706 carminum
743 645 851 724 partes
872 645 958 704 certo
984 637 1076 704 ruodo
1102 639 1241 705 discerni
1266 645 1413 722 possunt:

286 747 418 812 alteram
440 745 524 810 euim
549 744 673 809 numeri
702 745 872 807 989-999
898 742 1187 826 comprehendunt,
1215 744 1331 827 quibus
1353 745 1420 808 Ha-

286 849 391 916 driani
412 848 612 934 imperatoris
633 853 666 912 et
680 845 820 912 Sabinae
836 847 944 912 uxoris
967 847 1047 926 eius,
1073 846 1127 931 qui
1142 846 1344 913 Memnonem
1359 867 1419 912 au-

285 953 439 1034 diverint,
479 951 597 1018 mentio
636 949 684 1028 fia
730 951 864 1015 alteram
904 969 1056 1016 numerus
1091 953 1171 1032 988,
1216 971 1279 1034 quo
1318 953 1419 1016 solam

287 1056 458 1122 Balbillam
480 1055 681 1120 Memnonem
703 1053 866 1119 audivisse
888 1061 1046 1119 narratur.
1086 1055 1160 1120 lure
1185 1055 1283 1138 igitur
1305 1056 1421 1120 Kaibel

287 1183 321 1225 n.
339 1163 402 1224 988
423 1180 464 1226 ex
486 1158 678 1240 reliquorum
701 1157 875 1222 carminum
896 1157 1008 1223 ordine
1030 1158 1204 1242 sepositum
1228 1159 1329 1242 primo
1352 1160 1421 1224 loco

289 1263 467 1329 collocavit.
500 1261 651 1327 Carmina
665 1267 771 1326 autem
788 1263 958 1325 989-999
974 1280 1045 1326 cum
1061 1261 1214 1327 editorum
1232 1262 1314 1326 alius
1330 1263 1422 1328 aliter

288 1365 516 1452 composuerit,
541 1366 692 1449 primum,
715 1364 871 1447 quomodo
893 1371 979 1430 certo
1002 1365 1112 1432 ordine
1134 1366 1320 1431 collocanda
1344 1367 1418 1446 siut,

288 1471 504 1554 acquiremus.
537 1467 637 1534 (luins
652 1468 698 1534 rei
714 1487 806 1533 omne
828 1475 1050 1552 argumentum
1072 1489 1113 1535 ex
1135 1469 1310 1535 carminum
1326 1469 1358 1534 in
1374 1471 1423 1534 la-

289 1573 365 1658 pide
380 1571 588 1656 dispositione
603 1571 732 1656 pendet.

376 1677 480 1758 Atque
503 1675 639 1760 Lepsiua
661 1673 790 1757 quidem
812 1675 967 1744 tabulam.
994 1695 1077 1758 qnae
1098 1676 1257 1742 titulorum
1274 1677 1307 1741 iu
1323 1677 1423 1742 Mem-

291 1781 383 1846 nonis
397 1785 505 1844 statua
519 1778 690 1844 incisorum
711 1779 799 1844 locos
821 1779 1013 1863 explicaret,
1038 1799 1102 1844 non
1121 1779 1249 1846 adiecit.
1289 1781 1338 1846 Ex
1354 1781 1423 1847 eius

291 1883 477 1969 apographo
502 1881 537 1947 id
561 1887 683 1947 tantum
709 1881 910 1965 cognoscitur
930 1903 962 1946 u.
986 1885 1155 1948 989-999
1178 1884 1289 1950 eadem
1313 1905 1419 1966 manu,

292 2010 324 2052 n.
339 1990 401 2052 988
417 1987 519 2052 altera
533 1985 711 2070 insculptos
726 2005 808 2066 esse,
829 1985 912 2050 unde
928 1986 1130 2052 confirmatur
1144 1987 1228 2071 quod
1244 1988 1317 2054 huic
1332 1989 1425 2052 titulo

292 2091 452 2177 proprium
473 2090 575 2154 locum
597 2088 825 2154 vindicandum
847 2109 920 2154 esse
935 2089 1083 2154 vidimus.
1124 2089 1194 2168 Quo
1213 2092 1335 2173 gratius
1353 2092 1427 2157 lecit

294 2193 493 2274 Latronnius,
518 2191 603 2273 quod
625 2211 735 2258 omnes
753 2192 873 2275 titulos,
897 2213 976 2276 quos
991 2213 1012 2258 a
1027 2193 1156 2258 L'lldtio
1172 2203 1351 2280 acceperat,
1370 2215 1426 2260 eo-

293 2297 366 2363 dem
383 2317 445 2379 quo
459 2296 491 2360 iu
508 2294 616 2380 lapide
630 2295 723 2360 incisi
744 2303 819 2362 sunt
840 2295 951 2362 ordine
974 2297 1177 2363 collocandos
1193 2298 1313 2364 curarit
1327 2297 1360 2362 in
1375 2305 1427 2363 ta-

292 2402 439 2468 bularum
455 2399 615 2465 volumine
631 2399 753 2482 corpori
768 2399 1007 2483 inscriptionum
1024 2401 1283 2486 aegyptiacarum
1302 2401 1424 2467 addito.

294 2504 365 2569 lllic
380 2523 455 2570 vero
476 2503 508 2567 in
532 2501 598 2566 tab.
616 2501 740 2567 XXXV
756 2511 789 2568 et
803 2503 945 2568 XXXVI
967 2505 1090 2570 numeri
1114 2507 1239 2569 99-95
1267 2505 1371 2586 1Κιιί1),
1391 2527 1423 2570 n.

295 2609 476 2690 989-9991
497 2626 554 2690 per
568 2605 648 2671 duas
671 2606 835 2671 columnas
851 2607 896 2673 ita
917 2607 1064 2692 dispositi
1081 2616 1163 2684 sunt,
1182 2609 1264 2674 utin
1279 2609 1427 2698 columna

295 2709 424 2774 sinistra
446 2708 582 2792 primum
605 2729 636 2774 u.
657 2713 697 2772 99
723 2707 829 2790 [Kaib.
848 2731 880 2775 n.
899 2713 991 2792 990]‚
1017 2710 1133 2776 deinde
1148 2712 1232 2778 infra
1247 2733 1319 2778 eum
1336 2734 1368 2776 n.
1388 2716 1427 2776 95

300 2813 407 2897 [Kaib.
426 2833 458 2876 n.
470 2813 557 2892 999Ῑ,
577 2812 609 2876 in
625 2813 772 2878 columna
788 2814 920 2879 dextera
935 2825 1040 2880 autem
1058 2815 1192 2898 primum
1209 2837 1241 2880 n.
1260 2819 1301 2880 93
1322 2814 1428 2897 ,Kaio

296 2937 326 2980 n.
339 2918 412 2979 9911
431 2913 516 2979 ἱιι1ιιι
531 2935 602 2979 eum
619 2937 651 2979 ιι.
663 2919 702 2978 94
724 2916 830 2998 {Kaio
848 2937 880 2980 ιι.
891 2920 964 3000 9891
984 2918 1106 2982 exarati
1123 2917 1198 2983 sint.
1231 2919 1267 2984 In
1283 2919 1431 2984 columna

296 3019 426 3084 sinistra
440 3019 504 3082 iam
519 3024 625 3084 exstat
640 3019 699 3084 sub
714 3039 747 3084 ιι.
759 3021 799 3083 95
819 3021 925 3102 [Kaib.
944 3005 976 3086 n.
989 3023 1061 3104 999]
1080 3021 1191 3088 titulus
1206 3021 1243 3089 O.
1258 3023 1284 3086 1.
1296 3023 1335 3088 G.
1346 3025 1428 3086 4734

296 3124 394 3187 multo
410 3121 582 3187 maioribus
597 3122 711 3188 litteris
727 3122 855 3207 aliaque
871 3143 968 3189 manu
984 3133 1145 3192 exaratus.

383 3224 506 3303 Quibus
517 3225 671 3310 expositis
683 3233 817 3311 apparet
828 3227 930 3312 primo
945 3249 977 3292 n.
988 3231 1048 3292 999
1065 3229 1199 3296 incisum
1211 3249 1292 3307 esse,
1305 3227 1429 3308 „deinde

297 3351 328 3395 n.
348 3331 422 3406 999,
446 3335 510 3393 tum
527 3349 559 3393 n.
579 3332 652 3410 991,
680 3337 839 3413 postremo
859 3351 891 3394 n.
911 3333 984 3396 989.
1023 3333 1119 3398 Porro
1141 3331 1225 3415 quod
1241 3333 1432 3398 Letronnius

298 3431 523 3498 animadvertit
537 3451 665 3499 carmen
682 3435 743 3496 999
765 3453 828 3497 non
846 3433 1005 3517 integrum
1029 3453 1116 3518 esse,
1143 3435 1206 3500 iam
1229 3435 1375 3501 videmus
1398 3435 1432 3501 id

298 3556 429 3601 numero
445 3538 501 3598 991
522 3535 568 3600 ita
583 3535 705 3620 excipi,
731 3543 765 3600 ut
780 3537 874 3601 ambo
896 3557 993 3602 unum
1015 3557 1142 3604 carmen
1159 3538 1307 3606 efficiant.
1349 3539 1431 3603 Nam

299 3639 440 3725 lapicida
456 3659 526 3704 oum
542 3639 634 3703 titulo
650 3638 686 3704 9.
701 3639 726 3702 Ι.
738 3639 778 3704 G.
797 3642 892 3719 4734,
917 3659 1011 3723 quem
1027 3641 1214 3724 antiquioris
1229 3641 1344 3707 aetatis
1360 3663 1433 3708 esse

299 3743 379 3807 nihil
403 3742 509 3807 obstat
529 3741 604 3825 quin
628 3741 839 3823 coniciamus,
870 3743 1092 3826 impediretur,
1126 3745 1294 3828 quominus
1323 3765 1433 3810 omnes

298 3844 518 3928 duodeviginti
533 3864 644 3910 versus
660 3865 692 3910 n.
710 3848 774 3908 999
789 3853 821 3910 et
835 3865 867 3910 n.
886 3849 942 3908 991
971 3846 1004 3911 ἱιι
1019 3847 1133 3913 eadem
1151 3848 1299 3913 columna
1314 3848 1435 3913 inscul-

298 3956 402 4034 peret,
436 3947 478 4014 ad
509 3948 592 4012 latus
622 3948 786 4014 dexterum
817 3969 931 4014 novam
959 3950 1137 4016 columnam
1160 3971 1292 4018 exarare
1315 3951 1431 4036 coepit.

300 4051 390 4118 Idem
406 4051 522 4118 certius
537 4053 608 4136 ipso
624 4058 811 4136 argumento
825 4052 976 4138 probatur
990 4052 1031 4117 dc
1045 4075 1107 4136 quo
1119 4054 1203 4120 iufra
1216 4054 1409 4120 videbimus.

385 4156 453 4220 Iam
464 4161 679 4240 quotempore
692 4155 833 4220 carmina
846 4155 916 4237 tria,
932 4177 964 4220 u.
977 4159 1052 4238 999,
1063 4178 1095 4221 n.
1107 4161 1169 4222 999
1180 4161 1300 4242 -1-991,
1313 4181 1345 4223 n.
1356 4163 1431 4241 989,

299 4265 453 4342 concepta
479 4257 558 4338 sint,
591 4259 691 4324 titulis
714 4257 855 4341 pedestri
878 4279 1022 4325 sermone
1049 4261 1219 4346 insculptis
1241 4261 1431 4346 explicatur.
