3226 4932
315 399 355 462 on
745 428 789 439 -
836 392 920 476 [aar]
969 427 1012 438 -

315 583 555 650 similitudinem
578 589 705 648 nostrae
727 581 869 648 musicae
892 599 1117 666 provocamus,
1152 580 1218 660 vel,
1251 579 1337 664 quod
1363 578 1453 644 idem

315 694 375 766 est,
401 685 516 753 nostris
539 685 670 752 auribus
693 691 725 752 ct
745 692 853 750 nostro
875 703 972 750 sensu
994 683 1116 750 musico
1136 681 1297 748 iudicibus
1319 682 1451 754 utimur,

316 791 397 858 haec
426 788 599 856 similitudo
629 788 710 854 nihil
732 788 836 866 valet,
870 786 932 852 nisi
952 786 1084 870 iusuper
1104 785 1139 851 id
1161 787 1348 870 probamus,
1378 803 1455 850 eam

315 893 356 960 de
385 913 450 976 qua
479 892 638 976 loquimur
666 893 772 974 legem
801 891 853 956 vel
881 889 1106 975 proprietatem
1134 889 1289 955 musicam
1311 889 1387 957 inde
1410 891 1455 956 ab

315 995 548 1080 antiquissimis
569 994 777 1078 temporibus,
804 1013 845 1060 ex
867 993 983 1076 quihus
1005 1011 1104 1077 opera
1125 993 1249 1058 musica
1270 993 1362 1058 nobis
1384 1013 1458 1059 ser-

315 1105 393 1166 vata
414 1099 488 1179 sint,
513 1097 689 1164 adhibitam
712 1115 794 1164 esee.

403 1219 573 1285 Faciamus
595 1217 693 1301 igitur
713 1217 838 1287 initium
861 1237 882 1283 a
904 1236 1023 1301 genere
1045 1217 1282 1302 compositionis
1298 1218 1454 1286 musicae.

317 1323 402 1406 quod
425 1341 495 1388 cum
518 1321 658 1387 maximo
680 1322 834 1406 populare
856 1327 917 1402 est,
941 1327 1009 1410 tum
1031 1319 1195 1404 antiquam
1218 1321 1460 1407 compositionis

318 1426 473 1492 rationem
495 1425 600 1509 magis
622 1445 717 1508 quam
741 1431 848 1490 cetera
869 1425 1007 1490 retinuit.
1049 1425 1223 1508 Loquimur
1245 1425 1286 1491 de
1308 1424 1379 1491 odis
1402 1445 1459 1492 ec-

318 1528 524 1611 clesiasticis,
551 1547 633 1611 quas
655 1529 801 1595 chorales
823 1527 1040 1613 appellamus.
1085 1528 1158 1594 lllic
1179 1527 1285 1594 exitus
1307 1547 1458 1594 versuum

318 1631 464 1698 seminini
493 1639 677 1698 constanter
704 1630 751 1698 ita
778 1639 971 1712 mactantur,
1008 1637 1044 1698 111
1071 1632 1270 1718 paenultima
1300 1632 1459 1718 producta

319 1735 433 1802 ultima
454 1735 584 1821 syllaba
604 1735 702 1802 ictum
723 1734 866 1820 recipiat,
893 1754 924 1800 e.
948 1754 981 1819 g.

448 2114 511 2180 Ilin
555 2113 697 2180 fa-ete
718 2111 871 2197 Burgist
914 2131 1042 2178 un-ser
1070 2111 1156 2194 Goct,
1182 2112 1236 2180 ein
1279 2121 1403 2198 gu-te

782 2277 1199 2288 *οι-...ωι-

386 2487 486 2556 Wehr
507 2487 574 2555 und
610 2439 697 2555 iffi
728 2526 745 2538 ·
788 2436 858 2556 igni
913 2485 958 2555 Er
980 2495 1040 2555 etc.

408 2897 483 2966 Nun
489 2897 611 2966 danket
617 2897 689 2966 Allo
697 2899 773 2967 Gott
781 2899 838 2966 mit
845 2894 982 2982 Hersen,
991 2897 1162 2968 Munduud
1169 2844 1316 2982 Hnden,
1330 2903 1460 2972 deretc.

409 3037 566 3104 Clausula
587 3036 764 3104 »Hindanu
787 3036 899 3104 eodem
922 3037 1070 3124 rhythmo
1092 3045 1239 3105 cantatur
1256 3045 1355 3122 atque
1370 3042 1465 3108 clau-

323 3141 397 3207 sula
417 3141 531 3226 prioris
554 3139 694 3226 exempli
716 3140 891 3222 »watien«,
917 3159 1109 3226 quamquam
1131 3149 1266 3210 metrum
1288 3161 1352 3210 non
1374 3145 1465 3212 idem

324 3250 384 3326 cet,
410 3265 484 3310 nam
506 3243 540 3308 in
561 3243 665 3328 priore
688 3241 834 3329 exemplo

573 3466 600 3499 U
614 3483 636 3496 ..
652 3467 677 3496 U
693 3486 716 3496 -
731 3469 756 3500 V
773 3485 795 3496 -
810 3468 836 3499 υ

574 3552 636 3618 llin
658 3551 740 3619 feste
762 3553 850 3636 Burg
871 3551 914 3620 ist
935 3571 1031 3620 unser
1054 3552 1146 3633 Gott,

574 3655 637 3722 Eiu
658 3663 735 3742 gnte
757 3656 858 3722 Wehr
878 3654 945 3722 und
967 3655 1094 3722 Waiien

326 3795 457 3860 versus,
488 3777 544 3862 qui
565 3775 778 3844 masculinum
800 3775 920 3842 exitum
943 3775 1057 3860 habet,
1083 3783 1233 3860 quattuor
1255 3773 1374 3864 pedum
1398 3789 1463 3856 ost.

325 3881 359 3946 in
382 3880 441 3948 hoc
463 3888 572 3948 11111111
594 3879 743 3965 exemplo
765 3879 876 3946 nium:

575 4190 650 4256 Nun
673 4189 796 4256 (lanket
817 4188 891 4256 lille
913 4187 989 4255 Gott

575 4293 634 4359 llit
655 4293 798 4374 Horren,
824 4291 924 4358 hinnul
946 4290 1012 4356 und
1033 4290 1183 4358 thdeu.
