3274 4934
761 411 974 472 -55„.

184 655 187 670 .
303 601 385 667 Ionis
408 607 587 684 comporta
610 605 694 664 certe
710 597 932 664 Philometoris
950 605 1058 664 aetate
1080 597 1298 680 aedificatam,
1325 601 1437 666 aNeo

302 705 444 790 Dionyso
467 710 575 769 autem
597 703 718 787 figuras
742 710 775 768 et
794 702 1018 786 inscriptiones
1034 702 1295 788 hieroglyphicas
1308 703 1438 769 additas

302 827 384 875 esse.
403 809 556 872 Iamvero
572 807 729 884 capitulis
744 806 870 890 graecis
881 807 935 890 qui
946 805 1013 871 iam
1024 806 1163 872 antesin
1175 807 1304 891 pylonis
1316 807 1437 893 pariete

302 912 453 998 insculpti
475 911 541 976 illis
557 911 693 996 Dionysi
715 910 910 976 ornamentis
939 910 1086 995 temptati
1115 917 1148 976 el
1177 931 1217 976 ex
1244 919 1333 996 parte
1356 911 1437 976 laesi

302 1023 394 1100 suut,
428 1016 456 1081 si
485 1015 684 1100 epigramma
711 1015 795 1079 iufra
818 1014 981 1079 XXIIIA
1009 1015 1146 1080 relatum
1175 1015 1319 1096 omittas,
1352 1016 1438 1099 quod

301 1141 377 1186 num
403 1139 522 1185 aunum
545 1118 682 1203 primum
710 1119 755 1196 (81
787 1139 819 1182 a.
838 1117 887 1200 Ο.)
907 1137 950 1182 an
972 1117 1176 1198 tricesimum,
1203 1117 1227 1182 i.
1244 1139 1274 1184 e.
1292 1117 1436 1184 ultimum

302 1222 437 1307 Dionysi
465 1225 515 1304 (52
537 1241 567 1285 a.
587 1221 636 1301 0.]
663 1219 852 1305 inscriptum
874 1219 993 1286 habeat
1021 1241 1084 1286 non
1105 1219 1221 1304 liquet,
1256 1221 1364 1286 nullus
1386 1239 1437 1285 re-

302 1325 423 1392 centior
438 1329 488 1390 est
502 1343 586 1389 anno
602 1325 693 1388 XIX.
711 1323 847 1408 Dionysi
866 1325 918 1406 [63
941 1343 970 1388 a.
991 1323 1041 1406 DI
1056 1327 1095 1408 1);
1123 1344 1188 1406 qua
1214 1344 1248 1390 re
1266 1325 1364 1409 pylon
1377 1344 1437 1408 pu-

301 1428 419 1496 tandus
440 1435 490 1494 est
512 1435 568 1494 aut
587 1428 672 1493 intra
692 1447 794 1493 annos
817 1431 955 1493 63—52
977 1434 1035 1494 aut
1054 1427 1124 1511 ipso
1148 1447 1211 1510 quo
1233 1435 1374 1494 mortuus
1389 1434 1438 1495 est

301 1532 465 1618 Dionysus
480 1552 565 1598 anuo
581 1535 621 1594 52
637 1553 668 1596 a.
687 1532 724 1598 (l.
743 1531 854 1615 figuris
869 1537 999 1597 ornatus
1022 1549 1105 1597 esse.
1139 1531 1198 1597 Oui
1214 1531 1260 1596 rei
1275 1532 1433 1614 convenit,

302 1635 387 1719 quod
407 1636 516 1700 nullus
531 1635 644 1702 titulos
659 1635 775 1701 aetatis
790 1635 929 1719 Augusti
944 1634 1140 1700 ornamentis
1155 1635 1246 1700 iuxta
1260 1635 1437 1721 exsculptis

302 1740 469 1805 mutilatus
491 1745 551 1804 est.
585 1739 704 1806 Omnes
727 1739 811 1804 enim
828 1739 883 1822 qui
899 1759 919 1804 a
934 1739 1034 1804 latere
1057 1739 1184 1805 sinistro
1200 1746 1311 1824 portae
1328 1739 1437 1804 Philo-

302 1843 431 1908 metoris
446 1843 607 1926 leguntur,
625 1843 748 1926 figurae
763 1842 850 1926 regis
865 1842 973 1908 hostes
989 1843 1118 1928 capillis
1132 1842 1308 1927 prehensos
1322 1841 1436 1926 flagel-

301 1945 399 2010 IauIIs
421 1945 593 2029 diligenter
613 1944 845 2010 accommodati
864 1952 948 2026 sunt,
968 1966 1100 2028 quornm
1122 1947 1311 2030 complures,
1339 1946 1436 2011 veluti

303 2049 537 2134 epigrammata
559 2069 643 2132 qnae
658 2048 742 2113 infra
759 2048 978 2127 tractabimus,
998 2049 1134 2132 Augusti
1152 2055 1185 2115 et
1199 2049 1321 2116 Tiberii
1336 2071 1437 2115 anno-

300 2173 369 2218 rum
385 2159 492 2218 notam
509 2152 627 2218 diserte
643 2150 761 2218 serunt.

783 2373 955 2441 XXVIII.

711 2511 832 2579 Catilii
855 2513 1024 2579 carmina.

851 2701 890 2768 I.

388 2858 424 2923 C.
451 2859 475 2921 I.
511 2857 551 2923 G.
577 2859 756 2923 49230011.
782 2857 939 2924 Add.111
970 2881 1002 2945 p.
1032 2863 1124 2925 1226.
1158 2861 1276 2928 Kaibel
1305 2884 1336 2927 n.
1359 2867 1433 2928 978.

300 2960 437 3045 Lepsios
453 2961 497 3024 VI
512 2962 576 3026 tab.
597 2964 637 3026 88
654 2961 709 3026 Gr.
729 2966 803 3026 255.
843 2963 1002 3048 Iictypum
1018 2963 1147 3030 contuli.

389 3115 531 3180 Plurima
547 3117 710 3182 Letronnii
725 3118 952 3202 supplementa
967 3118 1173 3184 Lenormanti
1193 3126 1227 3185 et
1243 3119 1336 3184 Bailii
1358 3140 1437 3204 apo-

300 3218 433 3303 graphis
449 3239 531 3301 quae
548 3221 704 3286 Francius
720 3221 930 3287 inAddeudis
945 3223 1075 3304 rettulit,
1098 3222 1224 3289 firmata
1238 3229 1322 3288 sunt.
1349 3224 1440 3289 Haeo

299 3327 407 3388 tamen
429 3323 604 3388 secundum
621 3324 772 3410 Lepsium
794 3323 921 3392 adnoto.
959 3326 1150 3392 Pentameln'
1177 3328 1265 3394 nollo
1288 3327 1395 3412 spatio
1417 3348 1438 3392 a

414 3483 504 3490 o—--an-

372 3583 388 3645 ll
411 3597 438 3634 v.
454 3583 536 3652 Leps.
552 3582 591 3637 VI
601 3543 664 3639 ias.
679 3585 711 3636 86
724 3601 765 3654 gr.
780 3587 847 3639 237:

456 3750 470 3758 -
482 3750 495 3758 ·
510 3751 523 3760 -
535 3751 549 3760 ·
569 3721 706 3792 συγγενὴς
725 3724 771 3777 καὶ
792 3722 957 3797 στρατηγίὸς
975 3725 1030 3790 καὶ]

455 3803 668 3881 interprisum
687 3815 741 3877 τῆς]
766 3808 929 3880 Θηβαξΐδομ
948 3843 961 3852 -
980 3842 993 3851 -
1011 3843 1025 3851 -
1041 3839 1056 3852 -

453 3979 627 4048 καταντήσας
645 4013 659 4024 -
677 4015 691 4023 -
709 4015 723 4024 -
741 4015 755 4024 -
773 4015 786 4024 -
806 3971 967 4050 πεποίζήκῖα

456 4071 504 4138 [ri]
527 4069 713 4145 προσκύνημο
731 4073 868 4141 βασιλέως
887 4073 1065 4142 Πτολεμαίου
1085 4075 1132 4124 τοῦ

455 4161 552 4225 Νιὲοῂο
572 4156 717 4212 Διονύσου
738 4155 927 4230 Φιλοπάτορος
949 4160 1150 4231 [Φιλαδέλφῖοο
1163 4190 1177 4200 -
1189 4189 1203 4198 -

749 4337 803 4386 Ile
819 4329 924 4400 Παχών
942 4363 955 4371 -
973 4363 987 4372 -
