3226 4932
775 856 915 1005 (Amcbaros,
936 939 1107 996 Gesehiohte
1126 941 1176 996 der
1193 941 1286 996 hlueilr
1305 939 1333 995 11
1354 942 1412 1002 109]

396 1058 532 1140 Deinde,
559 1067 726 1145 postquam
750 1067 845 1126 notae
868 1061 1068 1126 mensuralee
1090 1060 1240 1126 inventae
1263 1068 1346 1143 sunt,
1373 1081 1454 1146 pro-

310 1160 417 1228 duetio
446 1161 504 1228 illa
531 1163 672 1228 exituum
699 1163 923 1230 femininorum
953 1163 1060 1230 statim
1084 1170 1230 1250 apparet.
1277 1164 1385 1231 (litare
1408 1164 1453 1229 li-

309 1273 381 1330 ceat
410 1264 578 1350 hymnum,
613 1287 708 1349 quem
738 1267 771 1332 in
802 1266 952 1332 honorem
975 1267 1097 1334 Mariae
1120 1267 1196 1334 seuit
1218 1275 1250 1334 et
1271 1267 1455 1352 eompoeuit

310 1367 454 1434 Adamus
476 1369 629 1436 Halousie
656 1370 709 1454 (de
723 1371 757 1436 la
771 1371 863 1452 Halo)
891 1369 978 1438 eirea
999 1391 1118 1436 annum
1142 1374 1235 1452 1270,
1261 1371 1352 1438 euius
1374 1391 1452 1436 ver-

310 1489 364 1535 sus
387 1470 510 1557 primus
532 1472 584 1538 hie
606 1479 673 1539 est:

940 1623 1397 1729 unffi-*i

425 1786 727 1884 elo-ri-eu-se‘
784 1818 895 1901 vierge
960 1817 1015 1882 Ma
1058 1855 1074 1864 -
1117 1816 1144 1881 ri
1196 1853 1212 1864 -
1262 1837 1280 1882 e

308 1972 419 2018 versus
441 1953 572 2020 ultimus
594 1955 662 2020 hie:

418 2297 460 2364 Se
476 2297 712 2382 dar-gumane
728 2299 861 2366 n'e-stes
877 2319 958 2384 pour
979 2298 1042 2363 moi
1079 2319 1139 2382 gar
1190 2335 1206 2346 -
1264 2298 1297 2362 ui
1320 2335 1335 2344 -
1358 2317 1387 2362 e.

775 2400 913 2468 (Ambrae,
933 2400 1102 2457 Geeehiohte
1121 2401 1171 2455 der
1189 2399 1282 2454 hlusik
1302 2399 1327 2452 11
1349 2403 1410 2464 2¹31)

395 2522 576 2588 Redeamus
606 2521 647 2586 ad
675 2523 829 2588 musieam
851 2524 1024 2605 antiquam.
1074 2521 1109 2586 Si
1132 2519 1288 2586 melodias
1311 2520 1452 2586 traditas

309 2627 497 2711 hymnorum
520 2625 712 2691 Mesomedis
735 2626 966 2705 examinamus,
996 2645 1079 2708 quae
1102 2621 1219 2690 nostris
1240 2623 1372 2688 auribus
1396 2624 1465 2696 ui-¹

309 2731 355 2796 hil
378 2729 503 2794 amoeni
526 2728 646 2793 habent
668 2729 787 2812 (verum
804 2729 890 2794 euim
905 2737 965 2811 est,
984 2727 1071 2810 quod
1086 2728 1232 2808 Amhr0s‚
1252 2725 1450 2794 Gesehiehte

309 2836 366 2900 der
387 2833 494 2898 Musik
516 2831 607 2896 1451
633 2831 694 2896 ait:
723 2831 806 2897 »Die
827 2831 967 2898 Melodie
988 2832 1046 2896 hat
1067 2831 1161 2896 einen
1183 2831 1282 2895 haum
1304 2849 1453 2914 gasang-

308 2935 431 3019 maesig
453 2955 492 2998 zu
514 2935 705 3000 neunenden
728 2933 876 3019 (sangi),
903 2935 937 3000 id
959 2934 1088 3017 quidem
1111 2953 1183 2999 eum
1206 2933 1323 2998 nostris
1346 2933 1452 2998 melo-

309 3039 372 3106 diis
395 3057 559 3104 commune
581 3037 628 3104 eis
651 3057 724 3104 esse
745 3037 902 3120 videmus,
929 3037 1014 3120 quod
1029 3035 1169 3102 melodia
1184 3034 1304 3101 desinit
1317 3035 1350 3099 in
1365 3054 1450 3100 eun-

227 3172 230 3180 ·
310 3145 381 3208 dem
411 3149 536 3225 tonum,
570 3162 590 3206 a
618 3161 681 3224 quo
710 3149 873 3226 coeperat,
906 3143 927 3206 i.
954 3161 982 3207 e.
1009 3139 1092 3224 quod
1115 3139 1238 3221 antiqui
1260 3157 1324 3203 non
1351 3138 1451 3204 aliter

310 3253 405 3330 atque
428 3265 486 3310 uos
509 3243 686 3310 clausulam
708 3245 740 3309 in
763 3253 838 3310 tono
862 3243 1017 3310 cardinali
1039 3241 1225 3326 (Grundton)
1246 3239 1354 3307 faeere
1371 3261 1451 3306 eou-

310 3357 491 3415 sueveruut.
529 3346 686 3426 Quoniam
709 3347 742 3413 in
764 3355 874 3413 nostra
896 3355 964 3412 arte
987 3346 1110 3411 musica
1133 3343 1279 3410 clausula
1301 3344 1360 3410 illa
1382 3364 1448 3409 uon

307 3452 342 3518 lit
363 3452 426 3518 uisi
448 3451 482 3515 in
505 3451 589 3516 hona
612 3470 780 3517 mensurae
807 3451 868 3533 (vel
885 3449 988 3534 pedis,
1015 3457 1050 3513 ut
1072 3449 1203 3530 antiquo
1225 3447 1354 3512 nomine
1370 3455 1446 3512 nta-

308 3557 386 3638 mur)
414 3561 515 3640 parte,
542 3553 714 3620 verisimile
737 3561 785 3620 est
808 3553 954 3635 antiquos
977 3571 1102 3634 quoque
1118 3549 1231 3616 eodem
1246 3547 1341 3614 modo
1356 3549 1450 3615 elau-

308 3659 398 3725 sulas
420 3658 575 3724 formasse
599 3664 630 3723 et
652 3657 832 3740 ubieunque
856 3655 986 3722 schema
1008 3654 1172 3720 metricum
1195 3671 1308 3718 versun
1325 3651 1448 3718 exitum

308 3763 341 3828 in
364 3761 523 3846 syllabam
546 3761 610 3826 ietu
633 3759 818 3826 destitutam
841 3758 998 3845 praebuit,
1025 3777 1073 3840 eo,
1100 3775 1162 3838 quo
1178 3753 1443 3839 significavimus,

309 3864 401 3932 modo
423 3862 621 3952 paenultima
643 3863 800 3948 producta
822 3862 942 3928 exitum
965 3859 1176 3926 maseuliuum
1200 3858 1415 3924 constituisse.

395 3985 501 4052 Grave
524 3991 631 4050 autem
653 3990 874 4067 argumentum
896 3981 978 4046 illud
1002 3987 1061 4062 est,
1087 3977 1172 4061 quod
1187 3975 1304 4043 Graeci
1325 3977 1359 4042 iu
1378 3979 1451 4043 exi-

307 4089 392 4155 tibus
422 4087 583 4154 femininis
614 4086 845 4172 paenultimam
872 4104 1033 4168 nunquam
1064 4083 1097 4148 in
1127 4081 1208 4147 duas
1238 4081 1353 4146 breves
1380 4080 1451 4145 die-

306 4191 487 4268 solveruut;
513 4211 587 4255 nam
613 4189 640 4255 ei
664 4189 841 4256 solveretur
863 4187 1073 4273 paenultima,
1099 4183 1233 4271 produci
1255 4203 1316 4248 nou
1340 4191 1454 4268 posset

309 4293 362 4376 (oi.
381 4293 552 4360 christiam
577 4291 617 4358 de
639 4298 824 4358 tetrametro
847 4289 1056 4375 anapaestico
1082 4287 1232 4370 lMetrik²
1255 4286 1272 4370 ξ
1292 4287 1380 4368 3081,
1408 4285 1451 4351 de
