3244 4932
735 454 828 539 μοα
1309 458 1344 520 21

318 647 353 732 g)
376 645 521 710 Dimeter
545 650 696 710 constans
720 665 760 710 ex
784 644 908 710 duobus
932 646 1055 711 creticis
1078 645 1352 732 frequentissimus

216 752 250 814 in
272 749 425 834 Aeschyli
446 746 564 813 fabulis
588 747 643 830 (2-
661 781 680 819 o
698 785 735 794 --
760 755 764 826 Ι
785 775 823 800 ι-
842 787 861 819 o
884 752 945 830 --)‚
969 751 1056 814 velut

216 853 332 920 Aesch.
356 853 445 919 Pers.
471 852 532 916 126
548 874 556 916 t
575 854 637 916 133
659 853 719 929 ποῖς
741 852 800 936 γάρ
822 849 1002 936 ἱππηλάτας.

569 961 633 1022 ant.
657 954 766 1038 λέκτρα
788 955 940 1040 δ’ἀνδρῶν
962 955 1063 1046 πόθῳ.

217 1064 272 1131 cfr.
296 1062 472 1149 Wssiphsl
493 1063 514 1126 1.
537 1061 558 1127 l.
582 1084 612 1148 p.
637 1063 707 1126 159.

319 1165 442 1232 Eodem
465 1164 562 1230 modo
584 1171 683 1250 atque
707 1163 834 1229 dimetri
856 1171 930 1230 sunt
954 1165 1132 1231 trimetri
1161 1173 1193 1232 ct
1222 1173 1351 1232 tetra·

216 1271 353 1336 metri
388 1269 570 1354 compositi,
606 1289 743 1354 quorum
774 1289 925 1334 versuum
956 1271 1105 1355 exemplo
1138 1269 1187 1334 hio
1220 1271 1353 1355 proferri

215 1397 281 1442 non
313 1396 394 1460 opus
425 1381 491 1456 est,
524 1395 596 1438 cum
633 1373 895 1438 numerus-satis
928 1395 1063 1460 magnus
1098 1397 1116 1440 s
1150 1373 1352 1459 Wostphalio

215 1479 256 1546 sit
275 1485 458 1565 congestus.
494 1477 640 1544 Sufficiet
658 1477 828 1543 nonnullos
849 1497 960 1544 versus
984 1499 1003 1542 a
1027 1479 1142 1546 cretico
1167 1479 1353 1565 incipientes

216 1584 416 1651 exscribere:

502 1685 1064 1768 e-ir-io-o-io-o-

216 1790 293 1856 Eur.
315 1789 365 1858 ΕΙ.
393 1794 474 1856 1194
496 1793 541 1869 τίς
562 1787 655 1870 ξένος,
677 1792 722 1868 τίς
744 1787 876 1873 εὐσεβής
897 1787 971 1871 ἐμίν
993 1788 1078 1872 κάρα.

215 1997 332 2066 Aesch.
355 1999 417 2086 Ag.
441 2003 527 2066 438:
544 1930 605 2066 452!
629 1895 681 2064 καί
699 1894 903 2084 ταλίντοῦίροζ
925 2001 959 2064 ἐν
973 1928 1064 2087 ιίιίιχῃ
1088 1996 1185 2081 δορός.

539 2111 603 2170 snt.
627 2101 835 2188 δημοκράντου
859 2101 964 2188 δ’ἀροῖς
987 2104 1058 2168 τίνει
1078 2101 1178 2188 χρέος.

529 2237 568 2260 *-
587 2247 641 2280 υυυ
658 2213 663 2287 Ι
683 2245 738 2280 υυυ
752 2247 771 2279 o
789 2243 829 2254 -
850 2207 855 2288 Ι
874 2247 892 2278 o
910 2245 950 2254 -
968 2251 985 2278 o
1004 2245 1043 2255 -

218 2313 314 2399 Soph.
338 2315 415 2379 Ant.
438 2313 597 2380 36023Ἰο
620 2310 808 2395 παντοπόρος
830 2308 941 2394 ἄπορος
964 2309 1098 2376 ἕπόὐδίν
1121 2309 1249 2396 ἔρχεται.

611 2423 677 2482 ant.
700 2415 843 2496 ὑψίπολις
866 2413 969 2493 ἄπολις
992 2413 1053 2504 ὅτῳ
1076 2413 1112 2480 τό
1133 2413 1180 2499 μή
1202 2413 1303 2481 καλόν.

400 2521 1187 2606 *-υ-Ιυ···υ-Ιῑῖυυυ-Ιυ-υ-

218 2624 332 2690 Aeseh.
349 2625 436 2712 Sept.
452 2627 534 2691 832:
547 2627 609 2690 840
625 2620 650 2690 αλ
665 2622 791 2706 μίλαινα
807 2625 855 2687 καί
872 2623 969 2686 τελεία
985 2621 1084 2705 γένεος
1102 2622 1229 2687 Οἰδίπου
1251 2619 1355 2704 τ’ἆρά.“

539 2736 603 2796 ant.
626 2726 801 2810 ἐξέπραξεν,
835 2724 1011 2793 οὐδ’ἀπεΐπε
1041 2724 1201 2810 πατρόθεν
1228 2725 1352 2792 εὐκταία

623 2831 721 2920 φάτις.

417 2936 1162 3020 ι-υ-Ιυ--υ-λῑ--υ--Ιυ--υ- ·

217 3041 334 3108 Aesch.
342 3041 454 3129 Suppl.
465 3045 539 3108 796:
549 3043 611 3106 806
625 3038 732 3125 γοπιοῖς
744 3038 848 3122 πίτρα,
859 3037 946 3122 paco
959 3044 1071 3120 πταῖμα
1082 3037 1279 3122 μαρτυροῦσίν
1290 3065 1352 3120 μοι.

548 3153 612 3212 ant.
635 3143 755 3211 ἐλθέτω
769 3141 872 3228 μόρος,
888 3142 946 3226 πρὸ
959 3147 1058 3222 κοίτας
1074 3143 1223 3228 γαμηλίου
1239 3140 1350 3228 τυχών.

678 3681 824 3747 onnon
853 3679 894 3747 n.

748 3839 823 3921 sc.

321 3979 480 4045 Absoluto
505 4001 544 4043 eo
563 3999 722 4064 syncopae
744 3999 876 4064 genere,
899 3997 961 4062 quo
986 3975 1063 4041 arsis
1083 3995 1254 4062 suppresso
1269 3975 1352 4041 thesi

218 4105 276 4170 por
300 4091 391 4168 τονῆς
413 4085 580 4148 artificium
603 4083 797 4168 amplificata
821 4085 1052 4166 compensatur,
1075 4081 1136 4145 iarn
1153 4085 1351 4146 transeamus

219 4189 260 4254 ad
283 4190 429 4269 alterurn,
453 4209 516 4273 quo
540 4187 708 4272 rhythmus
731 4208 832 4252 vacuo
857 4193 1000 4270 temporo
1023 4189 1174 4250 servatur.

321 4293 419 4360 Cuius
442 4293 571 4379 generis
593 4298 625 4356 et
648 4293 702 4376 qui
731 4312 891 4376 syncopae
917 4292 1021 4375 legem
1052 4291 1143 4376 primi
1173 4295 1352 4354 statuerunt

220 4405 252 4463 et
275 4400 327 4486 qui
349 4404 423 4484 post
446 4418 501 4464 cos
524 4397 564 4466 de
584 4396 728 4462 versibus
744 4397 928 4484 syncopctis
944 4395 1168 4478 disseruerunt,
1191 4394 1249 4463 etsi
1264 4415 1351 4460 mon-
