3258 4924
784 433 996 498 „30-

323 625 458 692 Boeolch
481 623 535 708 (cl.
559 621 704 688 Koshler
726 623 758 688 in
782 623 854 688 adn.
877 623 917 688 ad
941 644 971 687 n.
992 622 1083 708 389),
1108 646 1166 692 nec
1182 624 1347 712 Rangabis
1369 649 1464 714 argu·

324 737 466 795 mentum
498 749 538 792 cx
566 728 679 793 diebus
710 726 863 792 adcurate
892 727 1160 812 respondentibus
1192 731 1327 816 petitum
1359 734 1465 818 magni

325 855 393 900 asse
417 833 571 898 momenti
593 838 688 918 puto,
721 832 870 915 quoniam
899 832 991 896 ouius
1022 833 1148 918 generis
1172 833 1315 901 fueritis
1339 837 1378 902 de
1402 860 1464 924 quo

323 938 427 1022 agitur
456 957 558 1002 annus
581 944 616 1002 st
638 956 715 1000 num
744 937 826 1000 ratio
851 944 1029 1022 temporum
1066 937 1225 1004 ordinaria
1254 939 1367 1023 fuerit,
1401 964 1465 1008 non

324 1047 459 1107 constat.
505 1038 599 1114 Quod
623 1061 700 1103 uero
725 1039 859 1123 protulit
875 1040 915 1102 A.
931 1039 1110 1106 Mommsen
1135 1040 1175 1105 do
1199 1063 1258 1108 usu
1282 1045 1369 1110 uocis
1385 1045 1466 1123 εἰκάς

323 1147 464 1231 speciem
492 1144 558 1209 veri
589 1163 653 1208 non
687 1142 799 1207 habet:
832 1143 901 1228 ipso
923 1163 956 1225 p.
980 1143 1068 1207 228*
1090 1150 1133 1232 τῇ
1155 1143 1293 1230 [εἰκά]έ[ι
1314 1149 1348 1214 in
1371 1150 1464 1214 titulo

324 1249 464 1336 quodam
480 1247 546 1312 Ceo
564 1245 638 1310 CIG
654 1245 688 1310 II
711 1267 741 1310 n.
759 1247 844 1310 2360
867 1245 1040 1331 indagasse
1063 1247 1123 1312 sibi
1147 1248 1234 1313 visus
1257 1258 1315 1329 cst,
1339 1251 1464 1318 eadem·

324 1374 386 1438 que
409 1352 533 1418 notatio
558 1349 741 1415 coniectura
763 1349 920 1434 probabili
943 1351 1093 1415 restituta
1116 1359 1167 1416 est
1184 1351 1258 1416 ola
1275 1351 1326 1419 111
1345 1376 1375 1420 n.
1395 1359 1464 1422 132.

322 1456 404 1521 Aliis
427 1455 523 1518 etiam
545 1454 623 1518 locis
646 1450 727 1529 νίκάς
759 1451 951 1518 vocabulum
980 1461 1152 1538 usurpatur
1183 1455 1222 1520 de
1252 1457 1365 1523 diebus
1392 1480 1465 1545 pro·

322 1557 418 1637 lanis3
443 1556 483 1622 cf.
506 1557 599 1622 Dem.
621 1555 705 1620 XIX
729 1558 779 1620 59.
826 1555 947 1620 Contra
963 1556 1120 1620 Boockhii
1140 1569 1331 1642 argumenta
1353 1565 1464 1647 grauia

323 1668 356 1726 et
378 1659 557 1746 probabilia
584 1681 654 1726 esse
684 1658 933 1724 concedendurn.
980 1659 1104 1733 Quibus
1132 1660 1219 1725 aliud
1250 1661 1326 1728 addi
1356 1673 1464 1750 potest

322 1787 364 1830 ax
387 1763 532 1830 Hesiodo
555 1763 705 1848 petitum3
735 1761 820 1848 apud
851 1783 945 1846 quern
975 1762 1093 1846 legitur
1116 1763 1200 1850 Opp.
1229 1785 1259 1830 v.
1284 1769 1365 1830 785:
1395 1769 1464 1835 adds*

322 1866 420 1952 μὲνὴ
452 1865 557 1948 πρώτη
584 1866 656 1950 ἕκτη
685 1863 779 1952 κου’ρῃ
801 1889 832 1928 τε
856 1863 1000 1946 γενέσθαι
1024 1903 1066 1914 -
1090 1873 1122 1931 at
1146 1885 1173 1930 u.
1198 1871 1276 1932 811:
1308 1873 1465 1956 πρωτίστη

323 1973 353 2036 d'
373 1969 455 2048 εἷνοές
477 1968 650 2052 ἀνοπήμων
671 1965 892 2049 ἀνθρώποισιν,
915 1966 1005 2051 ιώὶἡ
1029 1967 1136 2051 πρώτη
1159 1970 1231 2054 ἕκτη
1255 1979 1287 2036 et
1309 1977 1464 2060 πρωτίστη

323 2073 405 2152 εἰκάς
428 2074 548 2138 dictum
572 2078 621 2137 est
642 2092 701 2156 pro
725 2069 796 2154 ἕκτη
819 2068 1004 2148 ἱσταμένου,
1027 2069 1120 2155 ένοίτη
1143 2071 1318 2154 ἱστάμενον.
1362 2078 1465 2165 Prop-

323 2187 412 2245 terea
441 2177 525 2264 apud
556 2175 652 2259 Diog.
675 2174 712 2238 L.
736 2173 769 2238 X
794 2176 832 2238 18
863 2173 973 2257 δεκάτη
995 2174 1128 2258 προτέρα
1158 2177 1277 2244 dictum
1305 2201 1375 2247 asse
1404 2204 1463 2268 pro

323 2282 436 2368 δεκάτη
458 2278 624 2362 ἱσταμένου
647 2285 679 2344 ot
702 2277 933 2363 discrepantias
957 2277 996 2342 do
1019 2278 1071 2343 die
1095 2281 1194 2346 natali
1216 2282 1349 2369 Epicuri
1369 2285 1462 2352 facile

323 2387 403 2453 solvi
424 2386 519 2472 plana
542 2381 714 2469 persuadet
737 2379 881 2446 Boeokh.

427 2487 509 2554 Inda
538 2492 647 2552 autam
677 2505 741 2550 non
769 2485 915 2568 sequitur
945 2485 1053 2550 etiam'
1071 2485 1103 2549 in
1133 2507 1172 2552 eo
1204 2487 1244 2554 de
1268 2511 1333 2576 quo
1356 2492 1464 2572 agitur

324 2595 417 2662 titulo
441 2589 672 2658 restituendum
703 2609 774 2654 esse
803 2585 921 2675 δεκάτη
951 2587 1093 2676 προτέρη.
1139 2589 1266 2657 Etenim
1294 2594 1323 2656 in
1356 2593 1464 2679 lapido

323 2720 389 2764 non
412 2697 619 2782 dispiciuntur
649 2693 708 2758 nisi
739 2691 883 2777 syllabae
912 2683 1008 2774 -]'dz·ar
1039 2693 1180 2776 προτέρου
1210 2717 1293 2780 quae
1321 2698 1463 2783 suppleri

307 2809 460 2890 possunt
488 2797 608 2876 ένᾶτει,
640 2794 772 2872 δεκέτιν,
802 2795 971 2872 ἓνδεκάτεν,
999 2794 1166 2860 drodcuu'rar
1195 2797 1346 2882 προτέρου.
1392 2801 1462 2866 Viri

324 2905 410 2970 docti
433 2909 541 2968 autem
564 2900 650 2986 quod
680 2900 787 2964 statim
811 2899 979 2982 elegerunt
1000 2897 1130 2982 δεκάτην
1152 2899 1303 2984 προτέραν
1324 2902 1461 2969 diarum·

325 3029 388 3096 qua
418 3012 613 3084 ceterorum,
648 3024 785 3090 quorum
816 3001 909 3087 copia
939 3007 1004 3084 est,
1039 3023 1080 3067 ne
1110 3004 1302 3069 mentionem
1334 3009 1464 3092 quidem

323 3113 478 3190 facerunt,
500 3129 613 3194 parum
635 3113 729 3172 caute
751 3106 855 3190 egisse
873 3104 1027 3170 videntur.
1065 3105 1338 3174 Proficiscendum
1355 3117 1462 3177 autem

323 3223 372 3282 sst
403 3236 423 3278 a
452 3219 538 3277 certa
566 3218 598 3276 et
634 3210 796 3276 constanti
831 3209 996 3273 titulorum
1035 3207 1174 3276 dictione
1203 3233 1306 3297 nequa
1336 3235 1414 3278 vero
1444 3236 1463 3280 a

323 3318 447 3402 vulgari
470 3316 633 3382 hominum
656 3315 852 3401 privatorum
874 3312 998 3378 dicendi
1011 3335 1081 3378 usn.
1104 3314 1204 3398 Atqui
1221 3316 1357 3380 vidimus
1373 3339 1404 3402 p.
1423 3321 1462 3382 12

325 3421 470 3488 omnibus
492 3419 613 3506 primae
636 3418 765 3484 decadis
793 3417 908 3484 diebus
936 3416 1012 3483 addi
1043 3417 1147 3483 solere
1170 3419 1351 3501 genetivum
1376 3419 1462 3484 ἱστο-

322 3525 433 3608 μένσυ,
463 3545 567 3610 neque
596 3521 749 3588 adhunc
779 3541 882 3608 usque
910 3521 994 3586 diem
1023 3521 1172 3586 inventus
1202 3529 1250 3586 est
1279 3522 1376 3607 lapis,
1407 3523 1462 3608 qui

324 3631 418 3696 aliam
440 3629 610 3713 praeberet
633 3625 845 3691 notationem:
874 3625 944 3710 ipsa
965 3624 1104 3709 denique
1126 3624 1355 3714 notio-dsadrp
1376 3623 1464 3690 inra-

322 3731 417 3814 μένου
439 3731 557 3816 legitur
579 3751 609 3794 n.
635 3729 723 3794 175b
745 3737 778 3794 et
794 3732 866 3794 469.
903 3729 1083 3813 Propterea
1106 3727 1184 3792 illud
1207 3727 1463 3815 supplementum

324 3833 457 3917 ένκ]α’ττι
487 3831 627 3916 προτέραν
657 3833 701 3898 ita
729 3831 857 3898 demum
888 3840 974 3896 recte
1003 3851 1180 3916 agnoscere
1210 3832 1370 3912 uidemur,
1403 3831 1464 3898 nisi

324 3938 386 4002 alia
409 3935 578 4024 supplendi
602 3937 694 4022 eopia
717 3935 890 4022 probabilis
913 3935 1016 3999 datur.
1065 3935 1194 4018 Qualis,
1225 3935 1257 3999 ni
1286 3935 1397 4018 fallor,
1430 3937 1463 4002 in

322 4047 473 4126 promptu
502 4047 559 4105 ost-
604 4039 688 4105 Nam
717 4040 758 4106 ad
788 4061 819 4103 n.
850 4039 911 4102 263
944 4037 1177 4122 significatione
1201 4037 1303 4127 ἡμέρη
1326 4045 1368 4129 τῇ
1390 4043 1462 4104 δεῖνι

322 4143 452 4234 προτέρη
475 4143 558 4209 diem
583 4146 688 4208 notari
710 4143 813 4208 solere
837 4139 982 4219 vidimus,
1007 4141 1061 4225 qui
1084 4141 1254 4206 antecedat
1270 4141 1353 4206 diem
1368 4143 1462 4208 inter·

322 4249 470 4315 celatum.
513 4248 605 4313 Idem
628 4247 797 4332 quominus
821 4243 859 4308 de
883 4244 977 4310 huius
1003 4266 1133 4330 quoque
1156 4245 1240 4310 tituli
1268 4245 1319 4312 die
1341 4253 1462 4312 statua·

322 4373 392 4417 mus
414 4352 492 4416 nihil
518 4351 658 4438 impedit,
682 4371 759 4415 usus
782 4347 930 4414 vocabuli
946 4347 1102 4432 προτέρας,
1125 4350 1150 4412 si
1167 4349 1294 4435 quidem
1313 4357 1463 4417 conatam
