3248 4928
309 428 349 492 ee
744 466 786 480 -
835 429 919 512 [aaa]
968 466 1010 480 ..-

310 615 508 699 Palaephato
522 617 718 684 recensendo
734 617 880 702 exposui.
906 615 1030 684 Osanni
1043 623 1150 684 notam
1168 615 1309 699 (Comuti
1322 637 1354 700 p.
1372 618 1446 698 203)

310 719 351 784 de
373 719 535 786 Eudooiae
558 721 664 806 eapite
687 721 766 806 περὶ
789 715 995 809 Ἀσκληπιοῦ
1017 741 1050 806 p.
1080 724 1118 785 16
1147 720 1306 786 immerito
1338 718 1454 785 laudat

312 823 429 905 Flaoh;
455 824 583 908 ignorat
598 824 683 892 enirn
700 825 811 891 Osann
825 826 926 892 verba
941 819 961 912 ἢ
978 818 1047 888 ἀπὸ
1065 829 1125 890 rob
1140 822 1290 889 ἑτῶσθαι
1303 861 1347 870 -—
1362 845 1455 909 φαρ-

311 932 453 1009 μακείας
475 929 607 995 Cornuti
626 929 722 1015 oapiti
739 931 779 994 33
803 929 923 1012 deberi,
949 949 1032 1012 quae
1048 927 1245 1014 praecedunt
1260 927 1362 1012 petita
1377 947 1453 992 esee

312 1053 330 1097 e
353 1032 533 1097 Pbavorino
557 1035 619 1097 296
648 1033 763 1118 (Etym.
782 1032 826 1098 M.
849 1038 918 1114 154,
939 1035 978 1097 38
1003 1040 1035 1098 et
1055 1033 1147 1098 Eust.
1165 1031 1258 1097 Hom.
1277 1053 1309 1116 p.
1329 1032 1420 1112 463).
1449 1031 1452 1114 )

312 1135 425 1218 Neque
457 1156 571 1202 revera
600 1158 632 1222 p.
659 1140 721 1202 258
755 1137 899 1203 liudooia
932 1157 1003 1202 eum
1037 1135 1170 1203 Cornuti
1202 1142 1291 1202 textu
1330 1137 1358 1216 (e
1388 1154 1454 1218 quo

313 1238 451 1304 eundem
474 1239 579 1304 looum
603 1240 701 1306 babet
721 1261 755 1326 p.
782 1243 854 1326 370)
882 1240 1059 1325 discrepat3
1091 1241 1173 1306 nihil
1202 1239 1287 1305 enim
1317 1237 1362 1304 ibi
1389 1237 1454 1302 nisi

313 1343 412 1408 verba
435 1341 487 1408 διὸ
511 1343 568 1407 καὶ
590 1340 801 1431 τεκνοφάγον
821 1382 865 1392 -
888 1338 1151 1432 ἆλληγοροῦντές
1174 1364 1282 1430 φασιν
1301 1342 1378 1427 ipsa
1395 1340 1456 1405 ad-

314 1445 370 1528 dit,
399 1467 417 1512 e
439 1447 553 1512 Nonne
576 1448 619 1513 ad
642 1447 699 1513 Gr.
724 1447 805 1513 Naz.
831 1448 847 1511 I
871 1449 911 1512 89
934 1448 1045 1533 petita,
1071 1447 1179 1514 verbis
1201 1445 1244 1512 ad
1266 1443 1456 1512 similitudi-

314 1569 388 1615 nem
417 1550 552 1616 aliorum
575 1551 682 1616 Nonni
711 1551 852 1618 locorum
881 1549 975 1618 fietis.
1022 1551 1159 1636 Reliqua
1180 1569 1256 1636 pars
1278 1549 1455 1615 Cornutum

263 1653 266 1661 '
315 1653 536 1720 Basileeneem
559 1655 720 1740 exprimit.
756 1656 836 1720 Eam
860 1655 945 1720 enim
968 1654 1140 1721 editionem
1163 1651 1204 1720 ab
1227 1651 1372 1718 nudoeia
1394 1651 1456 1717 ad-

315 1756 451 1823 hibitum
475 1777 547 1822 esse
570 1777 641 1823 oum
665 1779 722 1842 per
745 1778 780 1824 se
802 1759 978 1824 verisimile
1000 1765 1059 1840 eut,
1085 1758 1235 1842 quoniam
1251 1756 1356 1822 eidem
1373 1756 1457 1822 libro

316 1860 545 1947 Palaephatum
569 1862 681 1944 debet,
708 1869 774 1928 tum
798 1861 861 1944 sio,
889 1869 924 1927 ut
945 1861 1035 1928 dubii
1056 1863 1137 1927 nihil
1159 1861 1369 1944 relinquatur,
1396 1860 1458 1926 de-

317 1963 486 2030 monstrari
515 1972 631 2050 potest.
678 1967 802 2032 Textus
824 1965 910 2032 enim
932 1965 1067 2031 formam
1089 1965 1131 2031 ab
1153 1965 1237 2031 Aldo
1259 1965 1397 2050 primum
1421 1985 1454 2028 a.

320 2071 401 2132 1505
432 2067 634 2134 mustitutam
664 2077 697 2135 et
723 2069 841 2136 deinde
870 2089 972 2153 usque
1000 2068 1044 2134 ad
1065 2068 1230 2135 Osannum
1256 2089 1314 2154 per
1337 2069 1456 2134 seriem

317 2171 491 2236 editionum
507 2179 728 2258 propagatam,
748 2173 923 2256 pessimam
938 2173 1029 2238 illam
1044 2179 1076 2238 ot
1090 2171 1247 2238 seneentis
1262 2171 1342 2237 loeis
1357 2192 1457 2238 sensu

318 2276 415 2360 plano
444 2283 605 2342 carentem
628 2298 699 2342 eum
722 2275 866 2343 Eudooia
887 2296 946 2362 per
968 2275 1076 2341 omnia
1098 2283 1250 2358 sequatur
1272 2295 1311 2340 ao
1333 2295 1374 2340 ue
1397 2275 1458 2340 illa

317 2379 445 2462 quidem
476 2379 590 2464 eapitis
617 2384 654 2444 12
685 2381 765 2466 περὶ
787 2387 906 2446 Λιτὼν
941 2379 992 2464 (of.
1017 2379 1100 2445 Eud.
1126 2401 1159 2465 p.
1186 2377 1259 2463 278)
1291 2377 1457 2464 partein

318 2482 483 2548 eidonoruz
504 2521 548 2531 -
570 2487 758 2567 σεβασμίας
781 2478 869 2550 εἶναι
891 2491 1008 2564 eareat,
1036 2503 1119 2566 quae
1137 2503 1208 2549 oum
1224 2483 1258 2548 in
1272 2483 1382 2549 oodiee
1399 2503 1458 2548 ex-

318 2594 364 2653 tet
386 2588 491 2672 nullo,
521 2607 540 2653 e
563 2587 671 2654 Sahal.
697 2589 790 2654 Hom.
817 2589 855 2653 Il.
881 2589 930 2653 IX
953 2591 1015 2652 502
1044 2587 1085 2653 ab
1107 2587 1192 2652 Aldo
1215 2586 1342 2653 videtur
1364 2586 1458 2652 illata

319 2709 391 2756 esse
413 2691 446 2756 in
463 2691 593 2758 Cornuti
616 2694 789 2776 textum*],
814 2712 878 2757 non
893 2690 1002 2757 oodioe
1016 2712 1059 2756 m.
1079 2709 1120 2774 a,
1146 2690 1204 2756 aed
1227 2711 1292 2756 uua
1312 2690 1459 2756 alterave

264 2785 269 2792 '
320 2793 460 2859 editione
490 2815 581 2861 usam
611 2814 684 2861 ease
706 2795 883 2861 Eudooiam
912 2793 1178 2861 verisimillimum
1207 2793 1252 2858 lit.
1300 2793 1458 2858 Vitiorum

321 2903 427 2961 autem
444 2898 607 2964 Eudoeiae
630 2919 700 2964 eum
723 2899 863 2983 antiquis
886 2897 1081 2964 editionibus
1104 2895 1317 2962 communium
1340 2895 1460 2979 ingens

321 3007 371 3066 eet
393 3021 554 3068 numerus.
598 3004 706 3070 Pauoa
728 3003 865 3070 correxit
885 3001 1053 3084 Villoison‚
1079 3001 1168 3066 velut
1186 3022 1218 3086 p.
1238 3002 1256 3064 3
1278 3001 1382 3082 (Corn.
1403 3003 1456 3082 20)

320 3102 514 3190 γοργωπὸν
543 3107 683 3173 restituit
709 3127 766 3193 pro
795 3106 915 3172 eodioie
944 3104 1081 3170 Parieini
1109 3104 1247 3170 lectione
1276 3100 1463 3189 yopyrorbv

321 3209 479 3275 communi
509 3230 571 3275 non
601 3211 705 3276 solum
736 3231 807 3276 oum
829 3209 949 3274 Aldina
974 3215 1007 3274 ot
1027 3208 1148 3288 Burin,
1182 3207 1361 3274 sedebam
1385 3228 1460 3272 eum

321 3312 484 3379 eodioibue
507 3315 683 3396 nonnullis;
719 3315 773 3380 ubi
803 3311 888 3398 quod
917 3313 950 3377 in
974 3313 1118 3397 margine
1140 3311 1268 3378 violarii
1291 3317 1381 3377 extat
1404 3335 1458 3396 γρ.

321 3415 552 3502 yopyooorro'u,
579 3439 643 3484 non
665 3418 776 3484 dubito
798 3418 874 3503 quin
889 3416 1068 3482 Pbavorino
1089 3416 1300 3500 neglegenter
1313 3415 1462 3500 inspecto

323 3520 488 3587 debeatur.
537 3523 674 3588 Praebet
701 3522 786 3588 enim
816 3522 873 3587 ille
895 3543 927 3607 p.
954 3523 1017 3585 432
1046 3521 1189 3604 glossam
1218 3517 1459 3603 Hesychianam

322 3624 514 3711 γοργωιιόν.
561 3628 642 3693 Τιιιιι
666 3649 698 3712 p.
725 3631 744 3690 4
769 3625 974 3711 ἐγγεννὼσα
996 3623 1171 3706 Villoison,
1203 3621 1383 3708 ἐγγενῶσα
1407 3642 1462 3687 oo-

324 3730 387 3796 dex
418 3731 544 3797 violarii
574 3751 645 3797 oum
669 3731 747 3796 solis
769 3729 844 3796 Ald.
871 3736 903 3795 et
925 3730 1001 3794 Bas.
1048 3727 1140 3793 Idem
1164 3727 1320 3794 Villoison
1343 3726 1462 3792 taeitos

322 3833 408 3899 κατὰ
438 3830 584 3923 ἀρχαίαν
613 3829 830 3920 ὁλοσχέρειαν
859 3833 945 3920 apud
975 3832 1150 3899 Eudooiam
1181 3831 1294 3898 eadem
1324 3831 1357 3895 in
1380 3851 1457 3916 pag.

324 3940 478 4022 correxit,
511 3960 581 4006 oum
609 3940 711 4006 oodex
734 3937 896 4005 Eudoeiae
919 3935 1005 4002 κατὰ
1027 3934 1098 4025 τὴν
1120 3931 1195 4022 ἀρχ.
1221 3929 1272 4000 dl.
1297 3955 1369 4002 oum
1392 3953 1463 3999 om-

395 4203 419 4266 *l
440 4199 525 4254 Flaob
544 4217 571 4270 p.
595 4201 642 4251 115
667 4199 738 4254 bano
762 4213 818 4252 rom
837 4214 932 4268 parum
952 4195 1073 4252 feliciter
1090 4211 1152 4250 mea
1170 4196 1310 4250 sententia
1327 4195 1460 4264 explieat.

326 4285 456 4341 Scholion
476 4287 547 4350 enim
562 4285 673 4341 Homeri
692 4286 728 4340 ab
746 4285 873 4340 Eudooia
891 4285 1046 4352 exeriptum
1064 4299 1127 4338 esse
1145 4283 1303 4351 suspicatur
1321 4289 1350 4338 et
1368 4299 1384 4336 e
1402 4284 1463 4336 vio-

325 4373 395 4426 lario
414 4375 440 4426 in
460 4373 576 4426 Coruini
596 4373 707 4426 veniere
726 4373 871 4425 editiones.
