3274 4934
635 423 677 432 -
726 387 809 469 μοι]
856 422 888 432 -
1230 337 1233 344 ’
1315 385 1335 446 o

201 585 258 664 τῆς
292 578 372 642 θεοῦ
402 573 476 663 τλίρν
498 577 606 659 minuti
629 580 701 662 τὴλς
732 567 1107 660 [σλομμιαχίαλςλοαοθ
1129 573 1241 638 ibedus
1263 593 1335 638 oum

202 681 387 748 Alexandro
411 681 553 746 Pheraeo
583 699 667 745 anno
691 683 752 744 368
783 681 880 746 iotum
910 697 982 746 esse
1005 675 1164 742 Diodorus
1191 677 1253 760 (15,
1280 677 1331 759 71)

200 785 307 851 refert.
355 782 535 850 Koobleuus
557 783 705 849 adnotat:
730 776 808 847 ‘Dio
832 783 930 848 θᾶττόν
955 783 1051 846 stated
1071 783 1135 867 urus
1151 782 1207 844 dor
1230 781 1331 864 Bury,

200 889 298 953 ιΙοΙισν
312 889 436 952 worden
451 887 500 950 dr'e
515 887 757 952 Sobutzmeistor
772 889 828 951 der
842 886 966 952 Athene
981 886 1039 950 mit
1053 887 1110 950 der
1122 884 1336 970 Aomsiibruuq

200 994 254 1056 des
266 991 471 1058 Besebluesos
488 992 689 1076 deuuftraqt)
720 991 774 1056 Sic
796 991 894 1057 etiam
917 989 1085 1056 Alcibiade
1107 1009 1138 1054 a.
1158 993 1220 1054 408
1236 987 1337 1054 Athe-

200 1117 258 1162 nas
288 1113 416 1162 reverso
451 1094 588 1162 ecelesia
622 1100 795 1161 convocato
824 1094 967 1160 demovit
989 1094 1178 1175 columnam,
1204 1092 1239 1158 in
1272 1112 1337 1175 quo

200 1199 363 1264 damnatio
385 1198 474 1264 illius
497 1198 677 1283 perscripto
699 1207 783 1278 erat,
817 1197 988 1265 delendam
1011 1215 1101 1264 esse:
1136 1196 1177 1261 oi.
1203 1194 1333 1260 Diodor.

195 1291 253 1384 λθ,
274 1307 332 1368 69:
362 1301 480 1368 ἔπειτα
496 1299 609 1378 δὲτὰς
625 1301 748 1389 στήλας
769 1298 1027 1383 κατεπόντισαν,
1055 1300 1091 1368 ἐν
1114 1297 1168 1376 αἷς
1193 1294 1209 1386 ἡ
1234 1321 1337 1364 κατα·
1459 1325 1464 1348 ¹

201 1407 273 1493 δίκη
305 1407 362 1470 καὶ
391 1401 496 1470 τάλλα
525 1402 567 1470 τὰ
599 1400 670 1470 κατ’
697 1404 826 1472 ἐκείνου
854 1409 1058 1490 καρωθέντα.
1113 1405 1261 1472 Ceterum
1292 1403 1336 1467 si-

202 1511 270 1576 mili
292 1510 387 1575 modo
409 1517 505 1592 atque
527 1511 563 1576 fit
583 1510 617 1575 in
639 1509 732 1576 titulo
754 1510 791 1574 C.
809 1510 835 1573 I.
854 1510 893 1575 A.
912 1511 943 1574 11
966 1513 1002 1572 17
1025 1509 1103 1576 alibi
1131 1528 1256 1592 quoque
1283 1526 1336 1572 se-

200 1621 293 1680 natus
316 1621 372 1680 aut
393 1620 547 1699 prytanes
570 1618 701 1680 senatus
722 1613 872 1679 iubentur
893 1613 1022 1680 tabulas
1044 1613 1190 1699 publicas
1209 1617 1265 1677 aut
1278 1631 1336 1676 no-

200 1719 287 1783 mina
314 1717 347 1783 in
376 1717 496 1784 tabulis
526 1717 679 1804 inscripta
712 1718 832 1784 delere.
880 1717 930 1784 Ita
951 1717 987 1784 O.
1014 1717 1039 1782 Ι.
1066 1717 1104 1780 Α.
1130 1716 1175 1780 Ν
1198 1719 1274 1794 (ila,
1301 1735 1333 1778 v.

200 1825 239 1886 33
264 1841 332 1906 sqq.
360 1821 556 1888 deoemitur:
591 1822 647 1886 καὶ
674 1820 880 1906 ἷέλξαλεῑψαι
909 1817 950 1884 τά
974 1813 1141 1902 όνόμαλτα
1163 1825 1229 1883 τιῖιν
1252 1812 1336 1904 ὁμό-

202 1929 286 2010 ρ]ων
307 1931 374 1990 τιῖιν
397 1925 690 2012 Σηλσμλθλριανιῖιν
717 1925 773 1990 καὶ
803 1931 869 1990 τῶν
892 1923 1074 2010 ε’μμοηλτών
1096 1917 1185 1988 εἶναι
1206 1920 1337 2007 κλάρισν

200 2027 260 2096 τόν
289 2032 516 2115 μραμλμαῂέα
550 2036 608 2116 τῆς
637 2031 772 2116 βουλῆς,
809 2022 973 2112 [άλπμόσοι
996 2026 1061 2092 εἰσὶ
1083 2030 1332 2112 γεμλραμμὲνοι,

200 2134 356 2202 ἐναντίον
378 2130 688 2218 τῶμπροτάνελωνλ.
735 2134 804 2198 Iam
826 2153 910 2215 queo
933 2132 948 2196 Ι
979 2133 1020 2194 32
1043 2130 1150 2197 verbis
1172 2129 1266 2196 modo
1288 2130 1335 2196 oi-

198 2239 273 2304 tatis
304 2235 481 2302 adduntur:
520 2231 722 2302 ἀποδόντων
748 2235 794 2318 [δὲ
828 2232 884 2319 τλά
913 2231 1068 2321 χρήματα
1099 2231 1131 2297 οἱ
1154 2231 1352 2319 πρυτάνεις,

196 2337 281 2423 μετὰ
303 2347 361 2426 τῆς
383 2340 507 2425 βουλῆς
530 2340 586 2404 καὶ
610 2336 869 2424 ἐξαλειφόντιον,
899 2334 1063 2420 ἕπειλὸάνλ
1091 2330 1255 2410 άποθιῖισι,
1277 2336 1334 2424 ζη-

197 2442 357 2532 τήσαντες
380 2440 422 2508 τά
445 2467 480 2506 τε
505 2440 646 2508 πινάκια
667 2443 723 2507 καὶ
738 2439 780 2506 τά
796 2453 1007 2527 γραμματεῖα
1024 2441 1080 2506 καὶ
1097 2436 1245 2522 ἕάμπλοα
1262 2435 1335 2524 άλλ-

198 2549 280 2613 λοθι
294 2537 314 2633 ᾗ
330 2551 555 2632 γεγραμμένα,
575 2569 615 2614 ea
637 2554 813 2632 opportune
835 2547 1037 2612 illustrantur
1059 2546 1140 2628 loeo,
1169 2546 1222 2628 qui
1246 2552 1335 2611 extat

196 2653 229 2718 in
244 2651 435 2718 Patroclidis
458 2651 586 2718 decreto
610 2651 650 2718 de
673 2650 879 2717 restituendis
901 2651 934 2715 in
956 2649 1114 2733 integrum
1138 2648 1334 2715 debitoribus

199 2755 337 2841 publicis
367 2755 496 2838 [Andos.
522 2755 563 2821 de
586 2761 680 2839 myst.
709 2755 778 2837 79):
806 2751 848 2818 τά
870 2753 907 2818 δὲ
931 2747 1016 2818 titia
1040 2750 1153 2818 πάντα
1180 2754 1233 2836 (so.
1256 2746 1335 2817 όνό-

198 2863 299 2944 ματα)
329 2858 508 2942 ἐξαλεῖψαι
536 2855 614 2935 τοὺς
638 2855 834 2944 πράκτορας
863 2858 919 2922 καλ
950 2854 1011 2943 τὴν
1037 2853 1163 2943 βουλὴν
1185 2854 1270 2920 κατὰ
1293 2854 1335 2921 τά

197 2963 357 3050 εἰρημένα
374 2959 600 3044 πανταχόθεν,
627 2957 718 3028 bstou
740 2987 772 3028 τι
795 2961 887 3028 ἐ’στιν
910 2960 947 3027 ἐν
969 2968 1015 3044 uugi
1037 2960 1198 3048 δημοσίῳ,
1225 2962 1282 3026 καὶ
1305 2959 1334 3026 εἰ

198 3063 411 3154 άντίγρατμόν
444 3091 513 3132 που
547 3066 628 3150 ἔστι,
661 3071 824 3151 παρέχειν
853 3063 933 3142 τοὺς
961 3068 1167 3148 θεσμοθέτας
1196 3063 1334 3142 καὶτὰς

202 3165 305 3246 ἄλλας
329 3165 446 3256 ἀρχάς.
494 3170 648 3238 Videmus
679 3171 744 3252 eis,
781 3191 913 3252 quorum
936 3170 969 3234 in
993 3168 1173 3236 custodiam
1195 3169 1254 3234 iila
1276 3168 1334 3234 do-

200 3281 349 3341 cumento
370 3274 447 3341 dato
469 3281 552 3354 sunt,
579 3275 802 3357 quaestoribus
824 3275 999 3355 Minervae,
1025 3271 1234 3358 praetoribus,
1256 3273 1336 3338 sori-

198 3380 259 3444 bae
288 3386 437 3461 senatus,
475 3378 613 3461 deniquo
640 3378 830 3464 prytanibus
860 3385 892 3444 et
921 3378 1045 3444 senatui
1073 3377 1136 3460 ipsi
1170 3377 1332 3461 negotium

196 3466 405 3548 tielebdorum
429 3481 689 3547 documentorum
712 3482 868 3547 mandari.

281 3585 429 3651 Ceterum
453 3585 568 3650 similis
592 3585 788 3668 negotiorum
812 3586 888 3651 ordo
911 3591 1007 3667 atque
1030 3584 1063 3649 in
1083 3584 1174 3650 titulo
1190 3583 1226 3650 O.
1246 3585 1271 3648 1.
1290 3585 1328 3650 Λ.

194 3691 273 3754 132
297 3688 484 3772 singiliatim
514 3688 742 3774 praescribitur·
770 3687 803 3754 in
831 3688 1037 3774 inscriptione
1066 3688 1259 3770 gravissime
1291 3688 1331 3754 (le

194 3792 420 3864 obalootheeae
449 3793 543 3858 rebus
571 3791 778 3858 recensendis
807 3792 866 3874 (01.
897 3796 967 3870 105,
1001 3791 1055 3876 ‘ost
1079 3791 1131 3856 vel
1157 3795 1234 3873 106,
1262 3794 1326 3876 :isit

193 3897 226 3961 II
250 3901 286 3961 61
314 3899 382 3960 ν.7
407 3915 497 3980 sqq.:
527 3898 731 3980 παρ[εῑλνα[ι
754 3895 791 3960 δὲ
821 3896 877 3959 καὶ
905 3892 983 3970 τοὺς
1012 3897 1146 3979 ταμίας]
1173 3902 1231 3981 τῆς
1254 3897 1333 3962 θεοῦ

196 3995 271 4064 όοοι
287 3997 490 4082 ἒταμλεσσαν
506 3992 591 4081 druto
603 3996 832 4083 Midttiurbtog
848 3995 1021 4084 άρχοντος·
1041 3992 1209 4082 άλνειπεῑν
1224 3999 1260 4064 δὲ
1276 4001 1331 4064 καλ

196 4099 411 4190 τὸγκήρολκλα
442 4108 500 4188 τῆς
527 4103 680 4189 demittite
710 4103 885 4187 παρλεῖναι
914 4100 988 4186 ubis
1012 4095 1117 4187 άρχάς
1139 4099 1263 4179 ταότας
1286 4102 1334 4179 εἰς

194 4205 254 4292 τόν
272 4200 398 4294 ἡμέραν
413 4203 454 4292 ἣν
471 4200 536 4289 ritu]
559 4203 852 4291 πλρολμράψιολσιν
872 4205 915 4289 oi]
935 4203 1129 4290 πρυτάνεις·
1148 4220 1333 4292 παραγγεῖ-

194 4311 248 4376 λαι
273 4311 309 4378 δὲ
332 4308 411 4389 τοὺς
434 4308 669 4398 προτάνλελιλς]
698 4311 752 4375 καὶ
777 4303 925 4396 Ελάκλλεῖ
947 4317 993 4396 τῷ
1010 4309 1160 4398 δημοσίῳ
1177 4305 1268 4401 ἥκειν
1283 4310 1331 4391 εἰς
