3238 4930
705 455 798 540 [ras]

389 649 423 714 ἔα
447 647 492 726 ἔα,
515 647 584 714 tta?
606 647 678 730 μάλ’
700 644 793 726 αὖθις
816 646 1006 734 ἀμφίοτατοι
1030 654 1097 716 dra-

492 751 614 834 πρίοιος
637 751 744 834 ὄτοβος
767 749 802 817 (ἶν’.

385 860 481 937 ἵλαος,
505 851 529 920 ui
551 858 680 936 ίυίμονν,
700 855 705 939 Ι
722 858 818 934 ἵλαος,
840 857 871 921 εἴ
893 885 919 921 τι
942 864 981 947 γᾷ

390 961 496 1044 ματέρι
520 960 677 1043 τυγχάνεις
696 960 700 1042 Ι
720 958 851 1045 ιίφεγγὲς
873 961 984 1045 φέρων.

300 1074 364 1134 ant.
388 1064 425 1131 iai
446 1065 483 1129 tat
507 1064 644 1148 πρόβαθι
665 1064 742 1145 drid'
760 1105 778 1135 o
797 1063 910 1128 -εἴτ’
933 1065 1030 1150 dapar
1051 1071 1100 1134 ἐπί

492 1169 603 1252 γίυλον
626 1169 735 1258 ἐναλίφ

393 1275 578 1363 Ιίοσνυλανίφ
597 1275 602 1356 Ι
627 1277 694 1360 θεῷ
717 1274 878 1358 τυγχάνεις

387 1377 545 1464 βούθυτον
566 1377 670 1443 ἑστίαν
688 1377 692 1460 Ι
714 1377 834 1461 ἀγίζιον,
856 1381 933 1445 ἱκοῦ.

182 1487 256 1574 Ipse
279 1484 458 1550 Meinehius
480 1482 630 1568 proponit
653 1481 716 1546 duo
740 1483 846 1560 verba,
870 1485 985 1568 quihus
1014 1486 1129 1550 lacuna
1158 1495 1233 1574 apte
1265 1511 1322 1554 ex·

183 1591 323 1676 ploratur,
357 1585 493 1671 α’γυίθεν
526 1594 559 1651 et
593 1585 727 1651 οἴκοθεν.
779 1587 824 1651 Ut
858 1589 995 1676 denique
1027 1591 1122 1674 plena
1155 1594 1320 1678 responsio

183 1697 381 1774 restituatur,
404 1693 541 1758 fortasse
561 1691 593 1755 in
616 1691 748 1775 stropha
764 1713 822 1777 pro
845 1692 1033 1778 ἀμφίστατυι
1049 1704 1098 1761 est
1119 1697 1321 1764 scribendum

184 1800 395 1882 aspriormrm3
427 1796 483 1862 cfr.
506 1795 635 1860 Suidam
664 1819 691 1860 s.
721 1816 750 1860 V.
787 1793 904 1880 ὄτοβον·
934 1799 1119 1879 περιίσταται
1148 1800 1322 1884 ιλιαπρύσιος

183 1901 312 1984 ὄτοβος.ι

286 2108 386 2194 4-7)
421 2109 722 2174 Luculentissimum
761 2108 855 2174 huius
898 2110 1008 2176 classis
1048 2112 1231 2198 exemplum
1261 2101 1321 2177 'est

183 2215 282 2302 Soph.
307 2215 386 2280 Oed.
410 2235 466 2279 rex
492 2215 598 2279 1313:
617 2213 708 2296 1321,
732 2234 795 2298 quo
818 2213 901 2296 loco,
925 2223 960 2278 ut
983 2215 1079 2299 vulgo
1111 2215 1320 2298 distribuitur,

183 2320 249 2384 duo
273 2319 420 2393 doohmii,
443 2319 495 2404 qui
520 2317 645 2383 arsibus
666 2318 778 2382 solutis
802 2317 941 2402 insignes
963 2327 1047 2398 sunt,
1072 2325 1103 2383 et
1129 2321 1160 2384 in
1190 2321 1321 2406 stropha

183 2423 269 2488 etin
292 2423 490 2508 antistropha
512 2429 622 2486 oarent
646 2441 776 2486 caesura
798 2429 871 2507 post
894 2422 1047 2506 syllabam
1072 2424 1209 2504 tertiam,
1239 2445 1321 2510 quae

182 2535 288 2593 tamon
311 2528 373 2593 alia
396 2527 598 2592 distinctione
621 2527 790 2611 utrobique
812 2526 999 2592 restituitur.
1044 2527 1095 2592 lta
1118 2529 1201 2592 enim
1232 2529 1320 2593 loous

181 2633 213 2698 in
237 2631 430 2697 editionibus
454 2629 671 2694 circumfertur
694 2629 894 2694 distributus:

330 2734 383 2820 (at
407 2733 532 2818 σκότου)

328 2837 419 2924 νέφος
440 2835 515 2920 ἐμὸν
536 2834 721 2920 ἀπότροπον,
739 2837 744 2919 Ι
766 2837 964 2919 ἐπιπλόμενον
985 2835 1115 2925 ἄφατον,

329 2939 503 3026 (autperto
526 2967 558 3005 τε
581 2945 652 3020 aot}
674 2938 867 3024 ίυςοίριοτον
890 2939 980 3025 [ὅνΙΙ.

226 3053 290 3112 ant.
329 3043 381 3130 (td
405 3043 519 3131 φίλος,)

329 3148 366 3215 οὐ
388 3149 444 3230 μὲν
467 3146 539 3230 dada
561 3151 702 3226 εὐίπολος
721 3148 726 3229 Ι
746 3147 788 3214 ἔτι
810 3147 943 3230 μόνιμος·
968 3149 1011 3214 ἔτι
1034 3149 1091 3233 γάρ

330 3251 502 3337 (ὑπομένεις
523 3281 561 3334 με
586 3252 639 3316 τίν
658 3255 662 3332 Ι
684 3251 797 3339 τυφλόν
820 3251 981 3338 κηδεύων),

183 3358 238 3422 ubi
261 3359 292 3422 in
316 3359 449 3442 stropha
471 3356 622 3422 traditum
646 3364 694 3424 est
717 3357 923 3439 anastasianam
947 3366 980 3422 ot
1006 3357 1197 3439 αόίμαυτυν,
1231 3359 1321 3426 deest

182 3459 228 3539 ὅν,
251 3461 337 3546 quod
354 3461 520 3526 Hermann
542 3461 672 3544 addidit,
696 3463 727 3526 iu
751 3461 952 3548 antistropha
974 3487 1014 3544 με
1035 3483 1093 3548 pro
1117 3463 1174 3544 ἐμέ
1189 3463 1321 3530 Erfurdt

183 3567 331 3632 restituit.

287 3669 392 3733 Possit
406 3689 481 3735 vero
498 3669 612 3735 eodem
629 3669 707 3753 iord,
724 3691 786 3755 quo
804 3669 960 3736 diiambus
976 3669 1013 3734 ἰώ
1030 3670 1154 3736 andros:
1170 3670 1207 3734 ῑιί
1223 3672 1320 3756 φίλος,

183 3773 358 3838 interiectio
383 3773 420 3836 ἰοί
443 3773 511 3839 sola
533 3775 693 3859 praemitti
725 3774 868 3839 versibus
899 3774 1102 3856 dochmiaois,
1132 3774 1218 3860 quod
1250 3777 1321 3840 aliis

182 3878 261 3943 lonis
285 3877 370 3941 haud
393 3877 503 3962 paneis
526 3877 594 3941 fieri
617 3883 757 3959 ooustat3
781 3879 866 3963 quod
891 3878 916 3942 si
939 3881 984 3961 fit,
1006 3881 1038 3945 in
1062 3881 1208 3946 omnibus
1224 3877 1320 3944 duoh-

183 3981 263 4062 ruiis,
286 4000 421 4064 quorum
444 3981 545 4044 altera
567 3981 662 4066 longa
686 3989 734 4046 est
763 3981 878 4062 soluts,
909 4003 1041 4049 caesura
1065 3989 1113 4049 est
1142 3983 1319 4049 observata.

183 4085 351 4149 Distinotio
376 4085 459 4151 enirn
482 4084 561 4148 haeo
584 4083 735 4149 efficitur:

287 4329 295 4362 ¹
314 4327 402 4380 Aliter
416 4324 614 4391 antistropham
629 4325 774 4377 restituero
787 4325 899 4378 student
913 4329 1051 4396 Hartuug,
1063 4328 1182 4381 Schenkl
1202 4329 1319 4395 (Philoi.

184 4413 275 4472 XVII,
292 4412 364 4478 241),
383 4413 536 4466 Goldmann
557 4409 591 4462 de
610 4411 717 4464 doohm.
737 4429 786 4466 usu
804 4412 885 4480 Soph.
905 4432 930 4481 p.
950 4413 991 4467 78.
