3274 4934
616 1444 934 1546 PRAEFATIO.

293 1836 402 1902 lbium
424 1855 506 1920 quas
528 1836 570 1902 de
592 1835 701 1902 metris
716 1833 847 1900 Pindari
862 1834 1107 1919 conscripsimus
1121 1837 1343 1919 quaestionum

208 1941 352 2026 prima,
385 1959 470 2024 quae
499 1939 542 2004 ad
571 1938 677 2004 omnia
703 1938 843 2023 epinicia
865 1939 1020 2024 pertinet,
1054 1939 1342 2006 demonstrabimus

208 2044 381 2110 Pindarum
403 2043 437 2109 in
460 2049 602 2108 exmemo
624 2061 730 2124 versu,
757 2042 812 2107 ubi
834 2061 944 2109 omnes
966 2049 1081 2128 poetae
1104 2043 1220 2109 Graeci
1243 2044 1344 2129 sylla-

209 2148 281 2213 bam
305 2147 529 2232 ancipitem
551 2145 599 2212 ita
621 2144 791 2212 admisisse
814 2145 972 2228 dicuntur,
999 2153 1034 2212 ut
1052 2167 1107 2232 pro
1123 2146 1255 2213 arbitrio
1271 2149 1344 2214 bro-

208 2272 280 2318 vem
303 2257 359 2316 aut
381 2251 508 2335 longam
532 2249 693 2336 syllabam
716 2258 887 2336 ponerent,
914 2251 1057 2318 consulto
1080 2251 1219 2319 evitasse
1242 2253 1344 2338 sylla-

209 2357 269 2421 bas
291 2353 394 2420 vooali
416 2354 505 2420 brevi
527 2353 725 2420 terminatas.
770 2355 928 2438 Legitima
943 2355 1041 2438 igitur
1056 2375 1168 2422 versus
1183 2357 1343 2423 Pindarici

207 2459 294 2526 exire
317 2465 451 2542 possunt
472 2457 505 2523 in
527 2457 672 2543 syllabas
693 2457 783 2524 velut
804 2481 902 2538 -τως,
929 2481 1010 2542 -τω,
1037 2483 1129 2544 -τος,
1155 2461 1343 2546 illegitimus

207 2569 314 2628 autern
338 2561 444 2627 exitus
467 2567 517 2627 est
539 2581 567 2626 e.
586 2581 619 2644 g.
638 2560 671 2624 in
686 2583 754 2625 -το,
795 2560 887 2639 Quod
909 2561 1082 2629 discrimen
1105 2583 1175 2629 cum
1199 2564 1231 2628 in
1253 2565 1344 2632 libris

207 2666 305 2732 dere
328 2663 460 2732 metrica
482 2663 669 2748 conscriptis
692 2684 755 2730 non
778 2649 981 2732 observatum
1008 2665 1065 2746 sit,
1098 2686 1200 2750 neque
1228 2688 1343 2734 nomen

206 2771 363 2836 sollemne
392 2775 521 2852 praesto
551 2767 609 2846 sit,
641 2787 705 2852 quo
733 2767 839 2834 exitur
869 2768 902 2833 in
932 2769 1075 2836 vocalem
1106 2771 1235 2836 brevem
1262 2772 1338 2855 (ao)

208 2873 327 2941 cadens
350 2871 566 2956 distinguatur
587 2871 628 2937 ab
651 2871 790 2938 exitibus
812 2872 845 2936 in
869 2878 1094 2939 consonantem
1126 2864 1229 2957 (ἐτως,
1255 2875 1340 2958 ειυς)

208 2985 240 3044 et
267 2977 300 3043 iu
329 2976 473 3042 vocalem
504 2976 632 3058 longam
660 2977 744 3060 (aa)
780 2975 968 3042 cadentibus
1002 2977 1086 3061 (nam
1109 2977 1215 3044 brevis
1238 2978 1343 3045 exitus

208 3102 270 3146 non
293 3081 398 3146 minus
420 3080 477 3146 ille
500 3079 656 3165 appellari
679 3085 801 3164 potest,
834 3079 889 3162 qui
918 3079 953 3145 tit
974 3080 1007 3145 in
1030 3081 1190 3165 syllabam
1212 3081 1341 3147 brevem

208 3191 401 3250 consonante
423 3183 625 3250 terminatam
652 3185 749 3267 [aon]
774 3203 871 3267 quam
894 3183 940 3259 is,
973 3183 1029 3268 qui
1050 3183 1084 3250 in
1105 3185 1249 3252 vocalem
1270 3186 1344 3252 bre-

208 3309 279 3354 vem
302 3289 338 3355 fit
363 3289 469 3370 prol),
496 3293 531 3352 ut
552 3307 614 3352 nno
636 3288 734 3354 verbo
751 3307 818 3353 rem
833 3287 1062 3371 significemur,
1088 3289 1205 3372 exitus,
1230 3290 1344 3374 quales

208 3397 281 3457 sunt
303 3415 397 3474 -τως,
423 3415 499 3472 -τω,
525 3413 611 3470 -τος,
636 3391 874 3477 appellabimus
896 3391 1122 3478 perfectos,
1149 3399 1258 3460 contra
1273 3393 1344 3460 exi-

208 3503 258 3560 tus
281 3495 315 3558 in
337 3495 480 3560 vocalem
504 3494 632 3560 brevem
656 3493 818 3578 cadentes,
844 3495 950 3579 qualis
973 3502 1024 3562 est
1044 3519 1111 3578 -ro,
1138 3496 1244 3562 exitus
1268 3497 1341 3562 im-

208 3598 430 3683 perlectos.

292 3703 329 3767 ln
353 3702 487 3768 altera
509 3701 696 3786 quaestione
718 3722 852 3787 agemus
875 3703 923 3770 de
951 3705 1143 3798 versibus
1172 3713 1212 3772 et
1236 3705 1344 3771 colis

207 3827 316 3872 earum
339 3804 551 3892 stropharum,
578 3825 659 3890 quas
675 3806 714 3872 G.
733 3807 949 3873 Hermannum
973 3807 1075 3876 sconti
1098 3808 1261 3875 doricas
1283 3829 1344 3895 ap-

207 3911 330 3996 pellere
353 3909 587 3976 consuevimus.
628 3910 713 3977 Sane
736 3931 806 3978 cnm
821 3911 997 3976 Hermanni
1021 3911 1129 3978 studia
1147 3912 1280 3984 metrica
1295 3913 1344 3978 in-

206 4021 254 4080 ter
276 4013 509 4100 philologornm
532 4015 667 4097 plausus
690 4021 902 4097 senescerent,
928 4035 989 4080 non
1013 4015 1108 4082 modo
1132 4016 1161 4081 ei
1183 4017 1238 4100 qui
1256 4025 1344 4102 post-

206 4138 306 4208 apuam
333 4115 505 4184 identidem
530 4117 703 4202 voluptatis
727 4137 825 4184 cansa
847 4118 1100 4202 degustaverunt
1121 4117 1226 4204 magis
1249 4141 1344 4206 quam

207 4220 444 4305 perdidiccrunt
466 4228 566 4287 artem
590 4221 771 4302 metricam,
806 4222 1045 4288 tumultuariam
1076 4231 1108 4290 ct
1137 4225 1343 4309 incogitatum

206 4344 335 4410 operam
359 4324 391 4389 in
414 4323 475 4390 hac
497 4323 669 4410 disciplina
692 4327 896 4410 collocarunt,
923 4327 982 4393 sed
1005 4327 1102 4394 etiam
1123 4329 1269 4395 acumine
1286 4349 1344 4396 suo
