3226 4932
629 431 670 440 -
718 393 802 477 [ars]
848 431 893 441 -
1287 399 1322 458 n

192 582 248 648 alli
270 587 397 666 poetae.
445 581 595 648 Carmine
617 581 647 648 P
669 583 714 648 IV
740 601 767 649 e.
795 602 828 667 g.
854 573 1053 648 continentur
1074 601 1187 650 versus
1211 586 1273 649 999
1296 593 1330 651 et

191 685 356 752 enuntiata
377 684 528 770 primaria
554 685 680 768 (quibus
702 675 984 754 adnumeravimus
1007 686 1173 752 enuntiata
1194 688 1329 754 relativa

190 788 384 875 postposita,
418 809 501 871 quae
527 797 591 854 hon
613 789 829 855 necessarium
852 790 1109 876 supplementum
1132 790 1174 856 ad
1198 797 1328 857 senten-

189 893 266 960 tiam
289 891 445 958 enuntiati
466 891 610 976 primarii
631 892 762 976 addant)
793 896 864 958 192.
911 893 1069 960 Versuum
1096 892 1196 976 igitur
1218 913 1328 960 sescu-

190 997 267 1082 plex
295 995 363 1062 fere
392 1002 441 1062 est
469 1013 619 1062 numerus
646 995 879 1062 enuntiatorum
908 996 1043 1062 numeri.
1099 997 1239 1076 Quorum
1271 1000 1322 1078 95,

148 1111 149 1115 ’
191 1099 324 1165 dimidia
346 1097 414 1164 sere
442 1117 536 1183 pars,
569 1099 722 1165 finiuntur
748 1119 813 1165 una
842 1119 914 1166 cum
944 1100 1106 1183 versibus,
1138 1101 1263 1183 reliqua
1285 1105 1326 1166 97

188 1205 222 1270 in
246 1202 361 1269 mediis
383 1203 531 1268 versibus
553 1203 714 1268 desinunt.
764 1201 885 1280 Quodsi
915 1205 1117 1289 stropharum
1147 1204 1228 1272 fines
1251 1224 1327 1270 con·

189 1306 391 1389 templamur,
418 1306 498 1371 ratio
519 1307 603 1372 haec
624 1313 690 1372 est:
718 1311 737 1370 5
761 1307 911 1392 strophae
933 1307 1189 1402 interpunctione
1212 1307 1328 1372 liniun-

190 1419 250 1489 tur,
278 1411 296 1474 8
319 1427 383 1474 non
405 1408 568 1493 liniuntur,
602 1413 620 1475 8
643 1410 862 1495 antistmphae
884 1409 1140 1494 interpunctione
1162 1409 1325 1492 liniuntur,

191 1519 210 1577 5
232 1532 298 1577 non
319 1511 482 1594 finiuntur,
510 1517 527 1576 7
552 1513 649 1598 epodi
670 1513 926 1597 interpunctione
948 1511 1109 1596 finiuntur,
1136 1517 1155 1578 6
1177 1533 1240 1580 non
1255 1513 1329 1579 tini-

190 1623 295 1681 nntur.
349 1614 566 1699 Interpunotio
595 1615 693 1700 igitur
721 1615 754 1680 in
776 1614 841 1681 fine
864 1611 1079 1700 stropharum
1098 1616 1208 1699 (vicies
1229 1615 1330 1682 inter-

189 1718 356 1804 pungitnr‚
390 1717 577 1785 undevioies
605 1739 668 1784 non
696 1719 942 1804 interpungitur)
974 1720 1107 1804 paululo
1134 1719 1330 1804 frequentior

190 1829 239 1888 est
268 1841 364 1904 quam
393 1821 426 1886 in
454 1820 517 1886 fine
546 1841 695 1888 versuum
724 1822 865 1886 omnium
897 1824 959 1904 (95.
987 1823 1079 1906 299),
1112 1821 1134 1886 i.
1160 1841 1189 1888 e.
1215 1823 1328 1888 tertius

188 1926 322 2009 quisque
345 1943 456 1990 versus
478 1932 510 1991 et
532 1925 635 1990 altera
656 1943 802 2008 quaeque
825 1925 957 2010 stropha
971 1925 1004 1990 in
1020 1924 1084 1990 fine
1098 1923 1328 2010 interpunctio-

188 2049 261 2094 nem
285 2029 414 2094 habent.

184 2147 187 2154 ’
274 2132 397 2210 Quibus
426 2151 498 2198 cum
520 2132 662 2198 numeris
684 2131 713 2198 si
735 2153 828 2197 usum
851 2131 1053 2199 Homericum
1077 2134 1322 2218 comparaveris,

189 2234 361 2300 discrimen
395 2233 502 2300 statim
536 2235 714 2320 apparebit.
773 2235 1001 2301 Trecentorum
1035 2235 1120 2300 enim
1154 2235 1325 2320 primorum

187 2337 303 2404 Iliadis
318 2355 469 2403 versuum
485 2357 513 2404 e.
533 2355 565 2422 g.
581 2331 640 2400 an
660 2356 773 2404 versus
788 2338 821 2403 in
836 2337 899 2404 linc
913 2334 1194 2424 interpunguntur‚
1213 2337 1326 2422 quam-

189 2463 285 2525 quam
316 2441 500 2508 hexameter
528 2441 659 2508 Homeri
689 2441 815 2507 brevior
844 2450 893 2508 est
922 2461 985 2507 uno
1014 2441 1080 2508 lere
1110 2441 1194 2527 pede
1229 2463 1324 2525 quam

187 2565 299 2610 versus
323 2544 474 2612 carminis
496 2543 526 2609 P
548 2544 592 2641 IV
619 2543 744 2610 mediae
768 2544 987 2628 longitudinis.
1034 2544 1131 2629 Apud
1153 2545 1325 2611 Homerum

186 2647 284 2732 igitur
305 2647 360 2714 vix
383 2647 497 2713 tertius
519 2647 654 2731 quisque
676 2666 789 2713 versus
810 2647 844 2712 in
867 2647 929 2714 fine
952 2648 1206 2733 interpunctione
1225 2658 1322 2715 caret.

186 2753 223 2817 In
251 2771 313 2818 uno
343 2758 450 2817 autem
478 2749 609 2816 Pindari
639 2750 779 2817 carmine
809 2770 919 2818 omnes
949 2749 1099 2836 strophae
1127 2751 1223 2817 simul
1252 2772 1324 2818 oum

186 2854 345 2922 sententia
366 2854 591 2920 absolvuntur:
619 2853 724 2936 PIII,
751 2854 835 2938 quod
858 2873 987 2920 carmen
1013 2860 1050 2919 15
1067 2855 1214 2940 strophas
1238 2875 1325 2921 com-

185 2959 351 3042 plectitur;
378 2958 411 3022 in
434 2957 542 3023 multis
566 2956 760 3023 carminibus
783 2957 888 3043 spodi,
914 2977 996 3042 quae
1010 2957 1105 3022 trium
1122 2958 1323 3043 stropharum

185 3069 363 3145 systemata
385 3060 547 3144 claudunt,
574 3078 684 3126 omnes
707 3061 802 3127 simul
826 3081 896 3126 cum
920 3062 1079 3126 sententia
1100 3062 1320 3140 absolvuntur,

184 3185 318 3247 quorum
342 3164 451 3230 dorica
473 3164 568 3230 haec:
602 3162 804 3246 091111,
839 3165 906 3249 (XI,
934 3164 999 3229 XII
1021 3183 1104 3247 quae
1126 3183 1189 3230 non
1212 3184 1324 3230 nume-

185 3266 287 3332 randa
310 3273 398 3350 sunt,
433 3287 504 3332 cum
534 3286 575 3333 ex
594 3261 740 3352 ‘singulis
768 3259 936 3350 utumque
965 3271 1088 3333 constet
1110 3267 1320 3350 systematisl,

185 3371 280 3451 XIII,
314 3371 392 3453 ΡΙ,
418 3371 476 3454 ΙΙΙ,
510 3369 647 3454 NVIII,
674 3371 715 3454 X,
742 3371 800 3453 XI,
826 3369 966 3436 aeolica:
1000 3367 1075 3453 01,
1107 3371 1185 3454 (IV),
1211 3371 1248 3450 V,
1276 3369 1319 3452 X,

186 3473 214 3540 Ρ
236 3475 330 3557 (VII),
357 3475 398 3556 X,
424 3473 483 3556 XI,
511 3473 612 3556 NIII,
640 3473 693 3543 VI.
733 3475 775 3538 Et
796 3474 830 3539 in
852 3474 985 3558 reliquis
1008 3474 1202 3540 carminibus
1224 3474 1324 3542 inter-

184 3578 313 3664 punctio
344 3579 442 3644 multo
472 3577 670 3660 frequentior
700 3583 749 3643 est
771 3584 843 3662 post
864 3577 1043 3643 absolutam
1066 3577 1203 3662 epodum
1227 3597 1322 3661 quam

185 3689 258 3766 post
280 3682 458 3748 absolutam
483 3682 647 3767 stropham
670 3680 954 3764 antistrophamve.
1078 3759 1081 3766 Ι

270 3784 394 3863 Quibus
428 3784 524 3851 rebus
558 3783 726 3869 perpensis
760 3782 801 3848 de
835 3783 1061 3868 compositione
1090 3783 1214 3862 musica
1244 3785 1323 3850 haec

183 3887 285 3954 conici
307 3893 449 3971 possunt.

268 3991 345 4057 Veri
366 4005 429 4056 non
452 3997 502 4056 est
525 3989 631 4056 simile
653 3990 687 4054 in
710 3989 905 4056 carminibus
927 3987 1093 4055 cantandis
1117 3997 1244 4054 cantum
1266 4011 1322 4054 vo-

184 4115 255 4162 cum
278 4097 489 4161 humanarum
511 4095 722 4178 interruptum
744 4112 816 4159 esse
838 4093 1027 4157 musieomm
1043 4092 1322 4158 instrumentorum

184 4199 271 4264 sonis
293 4217 398 4281 neque
419 4197 452 4262 in
475 4193 539 4262 fine
568 4215 718 4262 versuum
748 4215 852 4278 neque
881 4195 913 4260 in
942 4195 1005 4261 fine
1035 4195 1235 4280 stropharum
1265 4215 1323 4262 ne-

182 4323 244 4385 que
274 4301 308 4366 in
338 4299 401 4367 fine
432 4307 657 4385 systematum,
693 4299 809 4382 quibus
837 4299 965 4364 insertis
995 4299 1115 4364 multae
1144 4300 1322 4366 sententiae
