3244 4932
730 496 961 556 -134-

381 718 413 782 p.
436 694 477 759 13
499 714 526 757 o.
547 691 593 754 20
613 709 676 774 sqq.
711 685 762 750 De
784 682 834 748 his
855 681 981 747 veriore
1003 700 1090 745 nuno
1113 676 1249 742 edoctus
1272 697 1363 741 sum:
1389 673 1433 739 ef.

277 804 343 870 tsb.
367 819 533 866 annornm.

381 926 413 990 p.
446 903 487 967 13
516 905 580 965 not.
610 918 637 960 o.
667 895 694 958 1.
745 891 840 956 Diem
873 887 960 953 tituli
989 909 1021 951 n.
1046 888 1107 950 176
1139 885 1266 949 Usener
1298 905 1330 969 p.
1363 885 1434 948 392

278 1001 424 1101 speciose
455 1024 533 1071 sene
562 999 743 1068 coniectura
771 993 862 1080 ponit
891 988 1097 1074 ε[ἰρεσιιόν]ηι.
1128 985 1252 1053 Contra
1276 985 1434 1072 displicet

279 1115 366 1205 quod
381 1113 494 1196 Unger
513 1130 545 1194 p.
560 1107 623 1170 426
639 1100 832 1186 suspicetur:
855 1091 1041 1178 ἔ[νοεκα’τ]ηι
1057 1093 1287 1175 Θαργηλιῶνος,
1302 1090 1433 1174 ἕνᾰτη[ι

278 1224 327 1288 καὶ
356 1214 497 1298 οε]κὰτηι
526 1227 634 1276 errore
663 1201 819 1290 lapicidae
849 1205 1018 1266 exoratum
1045 1219 1116 1263 esse
1147 1217 1208 1283 pro
1236 1194 1343 1278 ἐνάτηι
1379 1200 1433 1261 καὶ

280 1347 437 1488 ‘mlle
470 1417 602 1484 notione
635 1414 702 1493 μετ’
735 1405 858 1484 εἰκάδας
891 1403 1143 1491 numerandiqne
1177 1405 1305 1469 ratione
1344 1424 1435 1488 quse

279 1532 406 1598 Usener
434 1546 466 1611 p.
489 1523 554 1587 420
582 1539 649 1604 sqq.
678 1513 822 1602 protulit,
850 1531 913 1596 quo
943 1509 1067 1574 facilius
1096 1510 1129 1572 in
1153 1506 1342 1573 adhibendo
1366 1508 1436 1572 hoc

280 1633 390 1702 libello
413 1631 542 1716 praesto
566 1623 638 1702 sint,
661 1617 819 1702 subiungo
841 1614 941 1702 ipsius
965 1611 1124 1677 tabulam:

1018 1769 1085 1822 Dios
1103 1771 1206 1824 mensis

996 1901 1071 1966 pleni
1113 1881 1117 1976 Ι
1166 1901 1230 1952 esvi

1052 1993 1278 2004 ——n--u-——a——s

429 2075 677 2166 descensorios
945 2081 953 2195 Η
1012 2076 1051 2138 21
1116 2014 1119 2145 l
1182 2075 1222 2138 21

429 2185 522 2270 ἐνάτη
545 2182 636 2269 pulv.
659 2179 726 2245 sive
749 2176 818 2259 μετ’
840 2177 894 2242 sis.
945 2200 948 2325 Ι
1012 2179 1054 2242 22
1115 2162 1265 2293 {excidit

431 2288 529 2374 ὀγδόη
583 2336 605 2364 n
685 2333 707 2360 n
780 2331 801 2358 n
859 2330 880 2358 n
946 2334 948 2359 t
1013 2282 1054 2346 23
1115 2326 1118 2365 Ι
1184 2280 1227 2342 22

430 2391 552 2478 ἑβδόμη
585 2439 606 2466 n
686 2435 708 2462 rr
782 2433 804 2461 n
861 2433 882 2460 rs
946 2362 949 2449 l
1013 2386 1056 2448 24
1116 2408 1119 2453 Ι
1184 2381 1225 2445 23

430 2497 508 2579 ἕκτη
585 2541 606 2569 ‚‚
686 2539 707 2566 u
781 2537 802 2564 η
861 2535 882 2563 ,,
947 2482 957 2616 [1
1013 2490 1055 2555 25
1117 2460 1119 2485 ¹
1185 2485 1227 2548 24

431 2597 559 2681 mistum}
587 2645 608 2672 rr
688 2643 709 2670 n
783 2639 803 2667 n
862 2639 884 2667 υ
1014 2592 1056 2655 26
1185 2587 1228 2651 25

432 2697 542 2784 terelle
585 2747 606 2775 n
688 2746 709 2773 „
783 2743 804 2770 n
862 2741 884 2768 η
1015 2696 1056 2760 27
1117 2702 1120 2763 l
1186 2693 1228 2756 26

432 2803 524 2888 τρίτη
587 2851 609 2878 ,,
688 2848 709 2876 ,‚
784 2845 805 2873 „
863 2845 884 2872 „
1015 2799 1057 2862 28
1117 2776 1121 2869 l
1186 2795 1228 2858 27

432 2902 564 2986 δευτέρα
588 2953 608 2980 ,,
689 2951 710 2979 ,,
783 2950 804 2976 ,,
864 2948 886 2975 ,,
1016 2901 1057 2964 20
1118 2880 1121 2957 l
1186 2899 1229 2962 28

433 3011 488 3094 tm
509 3009 559 3074 sul
581 3003 634 3070 vlu
1016 3005 1058 3068 30
1119 3046 1122 3129 .Ι
1187 3003 1229 3067 29

386 3199 421 3264 p.
452 3171 492 3239 14
522 3193 554 3236 u.
585 3168 659 3232 236.
713 3164 787 3230 Hoc
819 3166 913 3232 titulo
948 3165 1040 3252 qussi
1073 3165 1284 3232 fundamento
1318 3167 1440 3232 nititur

286 3286 413 3352 Usener
434 3299 466 3365 p.
490 3275 554 3341 394
578 3271 618 3337 el.
642 3272 716 3350 400,
737 3269 779 3334 U.
794 3269 951 3336 Kochleri
974 3270 1210 3335 restitutionem
1232 3275 1377 3349 secutus,
1401 3277 1441 3336 ut

286 3388 449 3456 evinceret
470 3381 535 3446 hoo
556 3377 626 3461 ipso
649 3395 734 3439 enno
757 3372 799 3440 ol.
825 3375 918 3454 110,4
941 3373 991 3436 vel
1015 3373 1124 3460 potius
1147 3372 1188 3436 ol.
1214 3375 1307 3455 117,1
1334 3373 1439 3438 intro-

286 3491 419 3558 ductum
443 3504 516 3552 esse
540 3479 665 3566 cyclum
686 3475 835 3542 Metonis.
880 3475 964 3540 Sene
994 3477 1137 3560 poenitet
1159 3496 1211 3540 me
1236 3475 1324 3562 quod
1349 3477 1439 3544 iusto

284 3595 418 3662 liberius
441 3609 518 3654 usus
541 3605 613 3650 sum
634 3581 790 3646 varietate
812 3578 958 3644 lectionis
980 3577 1206 3645 Velsenienee.
1232 3615 1270 3624 -
1296 3579 1440 3668 Supple-

285 3703 395 3766 mente
425 3693 468 3759 eb
499 3691 634 3774 Ungero
667 3708 699 3772 p.
729 3685 825 3760 430s1
858 3683 1023 3770 proposito
1053 3683 1141 3747 nullo
1173 3683 1270 3748 modo
1303 3685 1439 3770 probsri

285 3807 440 3894 possunt,
468 3794 544 3882 quis
574 3811 647 3855 oum
677 3786 789 3873 spatiis
818 3807 883 3850 non
914 3785 1117 3851 conveniunt
1140 3851 1144 3858 ,
1170 3785 1222 3851 De
1251 3786 1323 3874 ipss
1354 3789 1440 3874 cycli

285 3905 412 3974 ratione
447 3917 534 3964 nune
571 3892 673 3958 doctis
708 3888 845 3954 Useneri
881 3895 913 3952 et
945 3887 1069 3973 Ungeri
1106 3891 1440 3957 commentationibus

285 4009 449 4074 illustrata
480 4019 564 4088 quse
596 3997 665 4082 ipse
695 3990 740 4079 (p.
764 3991 805 4056 40
834 3989 890 4073 sl)
924 3989 998 4055 dedi
1028 3991 1234 4058 retrsctsnde
1266 4015 1339 4060 esse
1371 4016 1441 4062 non

287 4113 414 4199 ignoro.
1521 4111 1523 4114 ’

390 4233 422 4298 p.
445 4207 486 4274 15
506 4229 535 4272 o.
557 4203 579 4268 5
599 4204 661 4287 leg.
686 4203 735 4265 καὶ
757 4219 815 4284 pro
837 4199 902 4279 μαὲ.

388 4337 423 4402 p.
446 4313 486 4378 15
514 4332 546 4376 n.
569 4305 671 4372 2380.
715 4303 840 4368 Usener
868 4323 899 4388 p.
922 4305 986 4370 395
1015 4303 1162 4390 reposuit
1192 4305 1442 4388 Σκιροᾳοριῶνος

288 4419 400 4508 τρίιηι]
425 4411 608 4497 ἱσταμένου,
630 4403 748 4491 Uriona
770 4411 826 4490 τῆς
848 4431 898 4490 πρ.
942 4405 1053 4494 Atque
1077 4407 1299 4474 confitendum
1322 4418 1390 4494 est,
1413 4413 1441 4480 si
