3226 4932
719 374 762 386 -
809 337 893 420 [aas]
942 375 985 385 -

372 528 420 608 ro)
448 524 558 592 ovn
584 529 634 590 ro.

635 643 759 712 αίνέσω
784 652 920 730 πυγμᾶς
944 641 1072 712 άποινο

369 767 406 832 In
428 767 575 832 omnibus
598 767 739 850 quinque
756 768 851 834 huius
867 767 1017 834 carminis
1032 767 1145 853 epodis
1162 787 1274 834 versus
1289 767 1423 849 quintus

228 887 232 896 “
280 893 354 939 cum
378 876 468 937 sexto
491 869 719 954 comprehendi
742 891 805 937 uuo
825 889 936 936 versus
952 869 1132 955 longissimi
1147 890 1278 956 corpore
1292 876 1418 954 potest:

409 992 432 1038 L
447 1007 667 1037 uuuuuu
683 969 1423 1039 ΕΔυυ-υυ-υῶυ-ἕ.ὐυ-υυὲ

411 1110 534 1178 αίνέσω
557 1117 693 1195 πυγμᾶς
717 1105 844 1177 άποινα
869 1111 872 1198 l
897 1112 953 1176 καὶ
976 1109 1071 1196 παρὰ
1087 1113 1264 1198 Κασταλίᾳ
1286 1115 1421 1194 πατέρα

893 1237 928 1278 τε
952 1213 1159 1301 Δαμάγητον
1181 1210 1306 1280 άάόντα
1328 1218 1421 1299 Δίκᾳ

411 1311 502 1399 άνιχ’
527 1310 713 1403 Ἁφαίστου
735 1322 906 1399 τέχναισιν
920 1318 933 1403 l
957 1317 1151 1404 χαλκελάτῳ
1178 1370 1184 1382 .
1207 1371 1212 1381 .
1236 1368 1270 1381 ..

411 1421 515 1507 φαντὶ
538 1414 569 1486 δ’
595 1415 791 1506 ἀνθρώπων
813 1423 958 1486 παλαιαὶ
983 1421 986 1507 l
1011 1420 1124 1509 ῥήσιες
1149 1472 1156 1485 .
1179 1473 1185 1485 .
1208 1472 1214 1484 .
1237 1473 1243 1484 .

411 1522 553 1599 παῖδας·
580 1515 626 1588 ὧν
648 1520 696 1600 εἷς
718 1524 781 1606 μέν
805 1522 977 1610 Κάμειρον
1001 1525 1004 1610 l
1030 1523 1265 1611 πρεσβύτατον
1289 1574 1295 1587 .
1318 1575 1324 1586 .
1347 1573 1382 1586 ..

411 1625 544 1711 ἐ’χρεον·
570 1625 615 1713 μὴ
638 1626 765 1712 κρύπτε
789 1625 903 1694 κοινὸν
927 1629 929 1712 ζ
956 1623 1082 1714 σπέρμ’
1108 1623 1178 1693 άπό
1205 1679 1211 1692 .
1234 1677 1241 1691 .
1263 1677 1297 1690 ..

365 1748 403 1814 ln
432 1748 534 1833 prima
564 1747 666 1832 epodo
696 1750 855 1815 secundus
883 1749 1031 1834 epitritus
1061 1749 1147 1816 cadit
1174 1750 1210 1814 in
1232 1748 1418 1815 trochaeum

280 1873 368 1920 more
390 1851 535 1930 Pindari,
571 1870 667 1932 quem
696 1851 781 1918 iufra
808 1853 912 1937 eapite
934 1854 1028 1919 tertio
1050 1852 1295 1938 explicabimus.
1341 1850 1419 1916 Noli

279 1963 387 2022 autem
409 1955 543 2020 haerere
566 1955 599 2018 in
622 1975 717 2020 versu
740 1956 894 2040 longiore,
919 1955 975 2039 qui
1000 1955 1105 2021 unia
1120 1963 1152 2021 et
1171 1958 1209 2019 12
1223 1955 1333 2020 tlreses
1356 1953 1419 2018 ha-

278 2062 369 2139 beat;
403 2079 481 2124 saue
505 2057 664 2140 longiores
687 2058 710 2122 ii
733 2066 823 2141 sunt,
852 2077 932 2141 quos
956 2059 1095 2125 editores
1117 2064 1316 2142 agnoverunt
1337 2056 1365 2122 N
1389 2057 1418 2122 V

277 2387 333 2472 qui
356 2383 576 2470 complectitur
599 2387 618 2447 6
641 2383 713 2448 oola
735 2391 767 2450 et
792 2388 830 2449 13
854 2385 971 2464 theses,
1000 2392 1032 2450 et
1054 2383 1083 2449 P
1104 2385 1120 2448 I
1143 2392 1198 2450 str.
1222 2389 1252 2468 6,
1279 2384 1334 2467 qui
1356 2385 1419 2450 ha-

278 2490 333 2555 bet
354 2494 373 2552 5
397 2488 468 2554 cola
489 2493 522 2552 et
547 2490 584 2549 14
607 2485 728 2551 theses.

297 2663 300 2672 .
367 2628 414 2708 rr)
442 2623 540 2691 olx
564 2627 615 2687 51.

651 2720 774 2803 ὓδατος
798 2731 922 2802 σθένος
946 2721 1031 2790 άλλά

363 2847 482 2914 Versus
505 2865 576 2912 cum
600 2847 748 2930 sequenti
770 2846 951 2930 iungendus
974 2854 1039 2913 est:

504 2952 1181 3021 wLwr„1s‚1-.'--w-vL[!

277 3113 334 3155 επ.
354 3085 383 3151 α’
402 3091 431 3151 3.
458 3087 515 3149 καί
538 3080 704 3172 ἀγάνορος
725 3083 838 3151 ἵππου
861 3085 864 3170 l
890 3091 1025 3152 θᾶσσον
1047 3087 1103 3151 καί
1118 3084 1200 3164 ναὸς
1215 3081 1418 3174 ὑποπτέρου

917 3185 1034 3254 παντέιΙ

275 3320 331 3361 επ.
350 3292 380 3376 [ί
399 3298 430 3358 3.
454 3287 577 3369 ὕδατος
601 3297 725 3368 σθένος
749 3285 834 3356 ἀλλὰ
858 3295 861 3378 l
887 3289 996 3379 Ζηνὸς
1019 3297 1152 3375 τέχναις
1168 3287 1345 3360 ἀνάπωτιν
1361 3293 1418 3374 ἐξ·

915 3399 1042 3482 αίφνας

276 3527 332 3568 επ.
351 3499 378 3585 y'
398 3504 428 3564 3.
455 3496 734 3584 δαμασιμβρότου
757 3497 892 3581 αἰχμᾶς.
920 3501 922 3582 l
948 3497 1020 3586 ε’ίην
1050 3493 1250 3586 εὑρησιέπρς
1278 3494 1417 3585 ἀναγεῖ-

915 3605 1002 3666 σθαι

275 3732 331 3775 επ.
350 3705 376 3772 ὅ
396 3709 425 3771 3.
439 3706 586 3788 μελέτα.
620 3708 740 3790 σοφίαι
755 3701 840 3786 μὰν
863 3711 866 3788 l
893 3703 1057 3827 αἰπεινριί.
1090 3711 1188 3770 τοῦτο
1205 3704 1241 3770 δέ
1257 3714 1418 3793 προσφέ-

916 3830 985 3893 ρων
1007 3809 1118 3873 αθλον

273 3928 343 4014 μάν
365 3929 499 3995 coniecit
520 3928 702 3994 Schmidius
724 3947 780 4013 pro
803 3927 948 3994 codicum
971 3929 1107 3995 lectione
1128 3933 1202 4011 μέν.
1237 3929 1416 3997 Pindarum

275 4033 406 4116 quidem
427 4028 497 4114 μάν
525 4030 683 4116 particula
713 4031 826 4098 eodem
855 4029 923 4098 lere
945 4051 1043 4098 seusu
1065 4051 1104 4098 ac
1124 4035 1187 4113 μέν
1209 4051 1302 4098 usum
1326 4053 1414 4115 esse.

273 4135 423 4201 librarios
446 4153 522 4200 vero
544 4119 644 4200 invito
667 4141 768 4200 metro
786 4137 849 4216 μέν
871 4133 1050 4220 scripsisse,
1077 4134 1242 4219 utriusque
1259 4135 1306 4202 rei
1322 4139 1417 4204 testi-

273 4237 413 4304 monium
437 4243 487 4304 est
509 4235 535 4301 N
558 4237 589 4302 Χ
612 4239 652 4302 29
