3274 4934
639 432 681 442 -
729 397 814 478 [157]
861 432 905 441 -

273 766 333 857 llll
359 763 557 858 sllll'lbs
586 763 903 856 lotlolllllll]
930 765 976 856 lN
1005 763 1261 858 Hololrtssos

629 903 914 997 TlilBllliNDIS.

290 1109 507 1174 Transeamus
530 1125 616 1172 nune
636 1104 679 1171 ad
707 1111 897 1190 potestatem
927 1105 960 1172 in
986 1106 1159 1172 bonoribus
1188 1105 1335 1190 publicis,

166 1241 173 1262 ι
203 1213 316 1296 quales
339 1217 413 1276 sunt
435 1209 639 1276 laudationes
662 1229 797 1275 ooronae
821 1209 986 1294 prunonio,
1012 1209 1190 1276 tribuendis
1213 1209 1339 1276 senatui

204 1335 399 1382 conoessum.
447 1315 494 1380 Ao
516 1313 652 1398 primum
674 1312 804 1396 quidem
827 1321 963 1399 apparet
990 1315 1135 1397 quemvis
1165 1313 1336 1389 hominem,

205 1419 328 1502 quide
357 1423 470 1484 senatu
493 1418 575 1483 bene
604 1416 735 1482 meritus
757 1425 853 1500 asset,
889 1419 931 1484 ab
961 1438 998 1484 eo
1027 1418 1131 1504 ipsius
1160 1417 1287 1484 nomine
1310 1424 1342 1484 et

204 1523 363 1608 privatim,
390 1528 425 1588 nt
446 1521 492 1588 ita
514 1519 630 1604 dicam,
657 1520 784 1586 laudari
807 1521 859 1587 vel
875 1521 1017 1587 eoronari
1033 1521 1185 1607 potuisse,
1212 1540 1341 1606 prorsus

204 1633 238 1693 ut
259 1626 391 1694 cuilibet
413 1625 550 1710 eollegio
572 1625 817 1709 magistratuum
840 1645 1037 1710 paganorum
1066 1625 1229 1692 tribulium
1258 1625 1340 1692 alio-

204 1751 272 1796 rum
294 1729 380 1796 viros
402 1731 483 1796 bene
506 1729 635 1797 meritos
658 1728 792 1795 laudare
814 1729 867 1796 vel
889 1749 1039 1795 coronare
1054 1729 1173 1795 licebat
1186 1765 1229 1776 —
1248 1729 1342 1794 durna

204 1834 298 1900 modo
322 1855 362 1901 ne
384 1833 521 1920 peounia
549 1833 615 1900 illis
638 1833 812 1900 honoribus
834 1832 1050 1920 impendenda
1072 1853 1112 1898 ex
1135 1833 1260 1900 aerario
1280 1843 1340 1918 ptr-

203 1939 287 2005 blioo
310 1945 504 2024 erogaretur.
532 1939 919 2006 volutabamur
943 1944 1070 2005 senator
1092 1937 1223 2021 qnidam
1245 1960 1266 2004 a
1288 1957 1340 2005 se-

202 2049 280 2110 natu
316 2043 468 2110 laudatur
494 2042 555 2109 hoo
582 2043 711 2110 decreto
740 2042 824 2110 facto
859 2043 896 2127 (A
918 2064 949 2108 v.
977 2045 1027 2127 4):
1060 2046 1171 2129 κρέσιν
1200 2049 1342 2129 ποιῆσαι

204 2154 270 2214 τιῖνν
291 2143 459 2232 λεγόντων
482 2146 518 2214 ἓν
539 2153 578 2232 τῇ
600 2147 706 2232 βουλῇ
730 2146 788 2212 ἐπὶ
810 2153 868 2234 τῆς
892 2144 1010 2234 ἐνάτης
1030 2149 1264 2232 προτ[α]νεέας
1285 2146 1340 2210 καὶ

203 2258 341 2337 τιμῆσαι
372 2247 408 2327 ὃς
439 2243 481 2316 ἂν
510 2249 590 2335 δοκῇ
624 2243 707 2335 αὐτῇ
739 2243 859 2337 ἄριστα
889 2251 996 2335 λέγων
1024 2251 1079 2314 καὶ
1103 2246 1263 2336 πράττων
1284 2251 1342 2314 καὶ

204 2349 466 2442 ἀδωροδοκήτως
496 2348 582 2440 ὑπὲρ
616 2361 674 2440 τῆς
696 2355 820 2442 βουλῆς
850 2355 906 2419 καὶ
936 2361 996 2420 τοῦ
1026 2352 1134 2442 δήμου
1161 2361 1221 2419 τοῦ
1243 2350 1341 2442 Ἀθη-

137 2453 142 2464 ’
202 2463 309 2526 ναίων
331 2457 596 2525 διατετελεκέναι
618 2457 678 2525 τὸν
701 2455 866 2524 ἐνιαυτόν.
899 2457 1085 2525 Desunatur
1100 2457 1337 2541 Phanodemus,

203 2563 257 2649 qui
288 2583 388 2630 aurea
415 2583 532 2630 corona
560 2563 714 2646 donatur,
750 2563 793 2629 ad
822 2583 917 2646 quam
941 2563 1123 2629 iaciendum
1145 2563 1341 2648 quingentae

201 2667 375 2733 drachmae
391 2688 437 2733 ex
456 2667 616 2734 aerario
639 2674 809 2734 senatus
831 2667 1049 2751 assignantur:
1070 2665 1108 2732 τὸ
1126 2667 1162 2733 δὲ
1179 2661 1339 2754 ἀργύριον

202 2763 351 2836 εἶναιτὸ
375 2768 423 2847 εἰς
445 2768 504 2836 τὸν
523 2773 721 2857 [οτέδφανον
744 2769 779 2835 ἐκ
803 2777 868 2837 των
890 2770 938 2848 εἰς
960 2769 1002 2835 τὰ
1025 2767 1111 2836 κατὰ
1135 2775 1340 2858 ψηφίσματα

202 2867 477 2958 ἀναλισκομένων
498 2882 538 2960 τῇ
559 2875 676 2960 βουλῇ.
724 2875 762 2941 lu
791 2875 904 2942 eadem
928 2875 1135 2961 inscriptione
1157 2876 1238 2941 altor
1260 2896 1340 2960 quo-

201 2999 263 3062 qne
286 2985 413 3045 senator
441 2999 505 3045 non
534 2979 664 3048 arbitrio
694 2979 794 3062 laeto,
830 2979 886 3046 sed
916 2979 1071 3046 suadente
1095 3001 1158 3046 uno
1180 2999 1220 3046 ex
1243 2999 1338 3046 seua-

200 3082 322 3149 toribus
352 3103 468 3150 eorona
496 3103 595 3150 aurea
623 3083 870 3168 quingentarum
900 3083 1124 3151 drachmarum
1150 3083 1334 3166 honoratur,

202 3189 302 3272 quam'
314 3187 486 3273 Braehyllo
502 3193 635 3272 rogante
651 3189 791 3273 quinque
806 3189 986 3271 βουλευταί
1001 3189 1138 3274 peounia
1152 3187 1201 3254 ab
1217 3188 1343 3253 omni-

202 3292 275 3358 bus
291 3291 555 3358 senatoribus
571 3293 689 3358 oollata
704 3292 811 3359 faeere
823 3293 984 3359 iubentur:
1006 3287 1125 3375 halaa]
1138 3285 1166 3356 δ’
1178 3285 1220 3358 ἂν
1232 3293 1343 3379 ττοηθῇ

207 3389 224 3460 δ
256 3400 424 3481 στέφανος
461 3385 559 3481 sulp}
588 3393 722 3483 φανερὰ
752 3391 769 3484 ἡ
801 3393 910 3483 δωρεὰ
935 3389 950 3482 r]
979 3394 1089 3482 ιιιδρά
1112 3402 1170 3482 τῆς
1191 3396 1339 3483 flovbr‘plg,

203 3497 338 3564 ἑλέσθαι
354 3503 455 3566 πέντε
480 3494 604 3586 ἄνδρας
627 3497 688 3588 τὴν
709 3499 836 3588 βουλὴν
858 3494 978 3566 αὐτίκα
994 3497 1085 3583 μάλα
1109 3497 1230 3577 οἵτινες
1255 3498 1342 3588 ruop-
1408 3559 1411 3564 .

203 3625 321 3670 σονται
343 3600 402 3670 τὸν
426 3607 598 3692 στέφανον
618 3643 635 3654 -
650 3643 667 3653 -
682 3643 699 3654 -
714 3643 732 3654 -
757 3601 805 3688 [τὸ
830 3605 866 3670 δὲ
890 3599 1066 3690 ἀριγδριον
1087 3597 1176 3671 εἶναι
1206 3603 1253 3681 εἰς
1282 3602 1341 3670 τὸν

200 3713 371 3796 στέφανον
393 3703 501 3795 rulorlp³
533 3707 702 3794 [dulciorum
724 3716 789 3775 τῶν
810 3709 1010 3791 βουλευτῶν.
1058 3710 1150 3776 Hane
1172 3709 1336 3794 Brachylli

198 3813 399 3898 rogationem
422 3819 587 3881 senatores
610 3813 711 3880 secuti
734 3819 809 3880 sunt
830 3812 949 3878 reiecta
964 3811 1137 3880 Antioratis
1157 3813 1334 3896 cuiusdam,

200 3919 255 4000 qui
276 3916 363 3984 idem
386 3917 470 4002 quod
486 3917 527 3984 de
542 3916 748 3983 Phauodemo
771 3923 840 3982 erat
862 3915 1024 3983 decretum
1047 3922 1233 4001 rogaverat:
1260 3912 1338 3992 τοὺς

201 4020 237 4086 δὲ
268 4022 405 4105 topatius
436 4020 555 4087 δοῦναι
583 4019 634 4105 τ]δ
668 4013 828 4106 ἀργύριον
859 4018 894 4084 ἐκ
925 4026 991 4086 τῶν
1020 4018 1105 4085 κατὰ
1136 4023 1342 4106 ψηφίσματα

204 4119 507 4209 ἀνα[λισκο]ιιέιιιον
528 4131 567 4210 τῇ
589 4124 705 4209 βουλῇ.

289 4230 351 4296 Per
365 4229 588 4316 psephismata
603 4247 758 4295 summum
775 4227 930 4313 pecuniae
947 4233 1092 4296 asenatu
1106 4227 1342 4314 impendendae

199 4339 350 4402 statutam
374 4354 448 4403 esse
470 4355 511 4404 ex
534 4334 594 4402 hoo
616 4331 835 4402 tantummodo
858 4331 967 4421 lapide
983 4339 1015 4400 et
1029 4353 1060 4401 u.
1081 4337 1118 4398 6¹
1138 4337 1333 4422 compertum
