3226 4932
616 501 657 512 -
706 465 790 550 [ιιι]
838 503 881 514 -
1275 470 1316 532 cs

319 649 433 740 ὥσπερ
464 655 519 718 καὶ
550 651 659 740 φατὸν
690 651 885 741 ἰπαείρεται
914 653 1002 742 πρὸς
1025 657 1152 743 αἰθέρα
1175 658 1232 722 καί
1255 653 1317 722 αὖ·

318 758 411 837 ξεται
433 768 507 833 ταῖς
528 757 756 844 χλωροποιοῖς
778 757 926 846 δρόσοις.

261 860 360 927 Cuius
382 865 493 926 auctor
513 880 577 926 non
592 860 673 945 legit
688 855 808 944 άίσσει,
835 883 958 930 errores
973 870 1080 929 autem
1096 882 1212 947 graves
1227 881 1314 928 oom-

176 965 270 1044 misit,
297 964 383 1048 quod
404 963 553 1048 genetivo
577 958 708 1050 ἀνδρῶν
730 966 774 1031 ad
797 960 897 1053 ἀρετή
920 973 1022 1033 tracto
1044 965 1313 1052 praepositionem

175 1069 211 1134 ἒν
234 1087 363 1154 prorsus
385 1067 501 1133 omisit.

263 1175 287 1255 c}
322 1165 338 1257 ἡ
363 1163 462 1256 άρετὴ
486 1177 552 1236 τῶν
575 1171 715 1237 δικαίων
738 1169 1009 1257 ἐπιτυγχάνουσα
1031 1165 1192 1256 ὑψοῦται.
1226 1168 1314 1236 τὸδὲ

320 1273 411 1361 ἑξῆς·
443 1268 486 1351 ὡς
509 1275 649 1361 δένδρον
672 1269 782 1342 diocto
805 1274 892 1362 πρὸς
915 1275 1041 1364 αἰθέρα
1066 1270 1201 1364 δνρ<-ὁν
1223 1275 1314 1358 χλωρ

326 1380 417 1462 (haec
445 1379 530 1445 enim
558 1379 760 1446 intercidisse
788 1381 868 1446 mihi
891 1381 1145 1470 videnturl)-utc
1168 1378 1310 1466 ἐέρσαις,

320 1477 407 1548 οὕτω
438 1483 494 1547 καὶ
523 1477 543 1569 ἡ
572 1477 672 1570 ἀρετὴ
697 1496 819 1571 σοφοῖς
842 1479 985 1570 ἀνδράσι
1008 1487 1064 1550 καί
1087 1484 1230 1561 δικαίοις
1254 1477 1314 1549 ad·

318 1587 411 1666 ξεται
434 1579 610 1672 deperata.

262 1689 405 1756 Tertium
428 1689 584 1754 scholium
608 1690 711 1755 solum
735 1683 845 1755 ἀΐσσει
866 1691 998 1756 verbum
1015 1690 1145 1755 exhibet
1167 1688 1203 1754 ἰν
1218 1709 1314 1772 prae-

176 1796 333 1882 positione
355 1793 491 1875 omissa,
518 1792 578 1859 sed
600 1792 737 1860 sortasse
759 1793 840 1859 haec
863 1813 939 1860 casu
962 1792 1125 1860 intercidit
1145 1812 1248 1877 aeque
1263 1797 1313 1856 at-

174 1919 235 1984 que
258 1893 315 1962 -ὁν
337 1897 445 1980 χίωρ-
468 1896 626 1980 syllabae.

260 2003 310 2067 Ex
331 1999 505 2066 editoribus
527 2019 603 2064 vero
625 1999 786 2084 Berghius
809 2000 843 2065 in
864 1999 1070 2066 adnotatione
1093 1998 1242 2065 adhunc
1264 1998 1309 2063 lo

174 2127 244 2172 eum
260 2105 293 2170 in
309 2103 362 2170 ed.
380 2103 436 2168 IV.
461 2101 572 2167 addita
593 2102 663 2169 iure
685 2101 821 2168 offendit
841 2103 977 2188 primum
1000 2103 1034 2169 in
1057 2101 1166 2168 verbis
1187 2101 1311 2166 duobus

174 2209 259 2276 idem
283 2205 535 2292 exprimentibus
558 2199 696 2284 αὔξεται
718 2212 750 2272 ct
773 2198 894 2287 ἅίσσει,
920 2213 987 2272 tum
1010 2205 1097 2289 quod
1112 2204 1314 2270 desideratur

173 2313 302 2379 dativus
323 2308 526 2376 instrumenti
549 2307 592 2374 ad
616 2303 715 2395 ἀρετή
738 2308 915 2376 subiectum
938 2309 1079 2390 additus,
1106 2307 1159 2392 qui
1179 2327 1309 2393 respon-

174 2417 249 2482 deat
278 2414 386 2480 dativo
415 2412 562 2497 χλωραῖς
586 2409 717 2498 ἐέρσαις
740 2412 783 2478 ad
806 2412 963 2498 δένδρεον
985 2412 1163 2480 subiectum
1186 2411 1307 2492 addito,

177 2521 281 2603 (quem
306 2513 448 2580 dativum
472 2514 664 2580 scholiastae
687 2515 862 2582 effecerunt
883 2537 923 2582 ex
947 2527 1069 2602 σοφοῖς
1090 2515 1147 2579 καί
1169 2513 1312 2590 δικαίοις

173 2621 280 2688 verbis
295 2618 414 2685 omissa
428 2617 664 2704 praepositione
681 2616 727 2699 ἰν,
753 2639 818 2702 qua
839 2639 880 2685 ex
902 2626 992 2686 textu
1014 2619 1153 2704 expulsa
1174 2626 1308 2683 metrum

171 2745 234 2792 non
260 2722 323 2790 nisi
346 2721 572 2787 audacissimis
594 2721 826 2788 mutationibus
848 2721 973 2789 restitui
995 2722 1124 2808 potest).
1172 2722 1310 2806 Compa-

171 2829 249 2896 ratis
270 2827 371 2912 igitur
392 2824 499 2890 verbis
521 2824 654 2890 Pindari
677 2845 760 2908 quae
782 2827 995 2912 praecedunt:

288 2929 411 2996 αἰνέων
433 2925 563 3013 αἰνητά,
589 2927 733 3015 μομφὰν
755 2923 786 2995 δ’
813 2927 1024 3016 ἐπισπείρων
1047 2923 1195 3014 ἀλιτροῖς

171 3043 204 3102 et
226 3033 395 3114 sententia,
422 3053 518 3114 quam
542 3031 611 3098 sinc
633 3032 762 3098 nomine
784 3033 922 3099 auctoris
945 3033 1096 3099 Clemens
1117 3031 1310 3098 Alexandri-

171 3159 247 3214 nns,
274 3137 325 3203 oui
349 3136 450 3202 multa
471 3134 603 3201 Pindari
626 3135 807 3220 fragmenta
829 3137 1002 3213 debemus,
1028 3135 1143 3201 laudat
1164 3135 1306 3218 Paedag.

172 3244 187 3307 l
212 3247 287 3305 154:

322 3338 425 3428 ἀρετὰ
447 3340 510 3426 γὰρ
534 3340 760 3425 ἐπαινεομένα
783 3342 924 3428 δένδρον
945 3340 989 3418 ὣς
1013 3336 1155 3421 δέξεται,

171 3457 203 3515 et
225 3447 378 3513 adhibitis
400 3445 531 3510 scholiis
555 3444 692 3526 duobus,
719 3464 802 3529 quae
828 3439 938 3510 ἀΐσσει
959 3466 1021 3511 non
1045 3445 1181 3526 habent,
1209 3445 1310 3528 Berg-

169 3551 244 3617 kius
266 3549 371 3615 deleto
395 3541 506 3612 ἆΐσσει
527 3547 639 3631 verbo,
672 3548 791 3633 quippe
821 3548 906 3632 quod
929 3548 1019 3632 quasi
1042 3549 1307 3632 interpretamen-

169 3665 236 3722 tum
259 3653 349 3719 verbi
373 3645 509 3731 αὔξεται
531 3649 575 3716 ad
597 3649 754 3736 δένδρεον
776 3651 935 3718 adiectum
959 3657 1056 3733 esset,
1083 3650 1226 3736 scripsit:

400 3749 443 3830 ὡς
467 3747 522 3818 ὅτε
546 3752 719 3839 δένδρεον,
747 3753 867 3839 α’ίνῳ,
897 3755 900 3840 Ι
926 3751 962 3818 ἐν
985 3765 1107 3840 σοφοῖς
1134 3803 1139 3816 .
1162 3804 1197 3816 ..

170 3863 274 3944 Atque
297 3867 383 3924 recte
405 3857 533 3942 quidem
552 3857 712 3941 Bergkius
736 3857 820 3942 αἴνῳ
842 3857 923 3923 illud
945 3857 978 3922 in
1001 3863 1123 3923 textum
1147 3857 1308 3942 recepisse

169 3963 312 4042 videtur,
348 3960 406 4026 sed
436 3960 464 4025 si
493 3961 593 4025 verba
615 3954 753 4039 αὔξεται
775 3967 807 4026 et
830 3954 942 4025 ἆῒοσει
963 3959 1199 4046 perpendentes
1223 3979 1307 4025 oom-

168 4085 337 4152 paramus,
375 4057 486 4128 ἆῒσοει
516 4065 647 4129 verbum
677 4063 777 4129 multo
807 4063 914 4149 aptius
943 4083 1014 4130 esse
1044 4069 1195 4148 apparet,
1233 4064 1308 4146 quia

169 4169 345 4253 imaginem
382 4167 498 4251 (agitur
520 4167 604 4233 enim
627 4166 668 4233 de
690 4168 811 4249 arbore?¹
846 4167 988 4252 pressius
1018 4167 1178 4250 sequitur„
1212 4174 1308 4248 atque

169 4273 268 4339 multo
296 4270 503 4337 verisimilius
534 4277 584 4336 est
613 4264 750 4349 αὔξεται
781 4271 913 4336 verbum
946 4269 1081 4354 vulgare
1117 4269 1309 4356 interpreto-

170 4383 310 4441 mentum
339 4393 411 4442 csse
438 4372 526 4439 verbi
555 4373 588 4438 in
619 4373 679 4439 hac
701 4373 830 4455 quidem
855 4373 1074 4440 coniunctione
1097 4371 1161 4438 rari
1185 4367 1304 4456 diosas,
