3226 4932
599 448 641 457 -
689 411 773 494 [uss]
823 447 863 458 -
1263 413 1297 475 ει
1423 507 1427 514 Ι

163 603 333 667 Praeterea
363 607 471 666 autern
497 619 535 665 co
559 600 766 680 offendimur,
802 601 888 684 quod
910 601 1071 686 Bergkius
1094 622 1125 666 v.
1151 603 1188 666 81
1215 601 1303 667 inco-

164 703 234 770 hari
256 704 326 770 vult
347 704 388 768 ab
412 702 560 768 enclitica
582 703 663 768 eliso
686 697 718 766 α’
738 701 774 768 έν
796 703 888 768 δαιτὶ
911 703 1099 786 σεβίζομεν.
1139 703 1304 770 Difficilli-

163 827 249 872 mum
280 806 409 890 quidem
432 813 482 871 cst
502 804 546 870 ad
569 805 816 889 explorandum,
849 827 911 892 quo
933 806 1027 872 modo
1049 826 1162 873 versus
1185 809 1202 868 7
1228 815 1260 872 ct
1284 809 1301 871 8

165 908 316 995 strophae
332 907 547 976 constituendi
563 895 635 988 sint,
664 929 736 974 oum
751 916 900 994 quattuor
919 929 959 976 cx
983 916 1053 976 octo
1076 908 1223 975 versibus
1245 929 1303 994 pa-

164 1013 287 1079 rallelis
309 1011 447 1098 corrupti
475 1011 509 1076 in
540 1011 630 1078 libris
658 1012 837 1078 traduntur.
884 1014 965 1080 Sunt
991 1019 1101 1078 autem
1129 1011 1163 1076 hi
1191 1031 1303 1078 versus

161 1116 241 1182 ocrti
263 1121 296 1181 et
317 1115 358 1180 ab
380 1115 528 1180 omnibus
551 1114 728 1181 editoribus
751 1117 887 1201 recepti,
921 1115 983 1182 nisi
1011 1115 1096 1198 quod
1118 1113 1301 1181 Bocckhius

130 1221 135 1232 '
161 1228 194 1286 et
217 1218 375 1302 Bergkius
397 1219 522 1284 malunt
545 1211 613 1282 ἀπὸ
638 1217 823 1300 βαθμίδων

344 1338 1126 1420 -Ᾱν[,έυυ-υὲᾳυ.’-υ-υυ-υὲ

162 1479 234 1544 στρ.
254 1456 283 1522 α’
302 1463 319 1522 7
345 1457 466 1535 αἰῶνος
489 1453 597 1543 ἀκρᾶν
618 1456 803 1540 βαθμίδων
825 1451 894 1522 iiiuc
920 1458 923 1542 ξ
949 1455 1011 1523 σὺν
1033 1453 1168 1542 εὐδοξίᾳ
1198 1481 1300 1538 μετα-

595 1567 706 1627 νέσεαι

161 1688 233 1751 στρ.
252 1664 281 1747 β’
301 1669 318 1728 7
344 1660 491 1750 irretiisse
514 1663 775 1731 incortinatur
795 1663 906 1742 νάπος
931 1665 933 1748 l
959 1670 1062 1731 θεοῦ·
1088 1663 1126 1728 τό
1151 1659 1214 1751 σφ’
1233 1663 1300 1746 έχει

595 1773 842 1854 κυπαρίσσινον

160 1894 234 1936 αντ.
253 1869 280 1936 δ’
300 1875 317 1933 7
341 1869 496 1955 γλῶσσάν
525 1893 578 1936 τε
613 1869 746 1956 θάρσος
774 1895 809 1936 τε
838 1868 1151 1955 ταναπτεροςβέν
1131 1864 1267 1955 νδρνιξ
1269 1894 1301 1935 ιν

595 1971 707 2051 αἰετὸς
729 1973 869 2040 ἔπλετο·

159 2103 285 2162 etcum
309 2095 373 2160 levi
396 2094 589 2162 correctione
606 2116 646 2161 ex
662 2094 896 2160 αἰδοιέστατον
918 2095 1069 2162 librorum

161 2239 234 2280 αντ
254 2239 275 2278 α
277 2213 318 2278 7
345 2209 530 2302 ὀφθαλμὸς
553 2213 768 2280 αἰδοιότατον
790 2220 946 2300 γέρας
978 2221 1037 2299 τεᾷ
1060 2220 1159 2280 τοῦτο
1182 2210 1300 2297 μιγνύ-

594 2342 697 2401 μενον
719 2323 837 2405 φρενί·

160 2435 282 2506 Post''
261 2463 330 2504 οπο
352 2439 426 2504 finis
448 2459 560 2505 versus
583 2440 784 2523 statuendus,
810 2439 873 2505 uisi
897 2458 968 2503 cnm
984 2437 1125 2521 Bergkio
1141 2438 1300 2523 corrigere

161 2545 310 2610 volumus
333 2565 405 2626 στρ.
424 2540 454 2606 α’
481 2537 550 2606 ἀπὸ
573 2541 758 2624 βαθμίδων
781 2549 813 2608 et
835 2563 906 2625 στρ.
926 2538 953 2624 γ’
978 2541 1078 2607 verba
1098 2539 1217 2606 tradita

245 2671 292 2749 τῷ
314 2665 371 2728 καὶ
393 2661 629 2746 Λακεδαίμονι
653 2659 689 2728 ἐν
709 2657 820 2748 Ἄργει
842 2685 877 2727 τε
901 2661 958 2725 καὶ
981 2660 1092 2745 ζαθέᾳ
1115 2658 1220 2744 Πύλῳ

158 2787 192 2850 in
215 2786 299 2851 hunc
322 2783 465 2850 ordinem
488 2783 652 2867 redigere:

245 2912 291 2990 τῷ
313 2904 370 2968 καὶ
394 2903 505 2989 ζαθέᾳ
528 2899 633 2987 Πύλῳ
658 2901 694 2968 ἒν
716 2897 826 2988 ’Ἀργει
849 2926 884 2967 τε
908 2901 964 2965 καὶ
987 2900 1223 2983 Λακεδαίμονι

163 3026 228 3106 (ubi
251 3024 414 3110 Bergkius
443 3023 567 3118 hiatum
590 3024 745 3090 construit
766 3019 872 3107 Πύλῳ
897 3020 949 3101 έν,
980 3020 1035 3103 qui
1064 3023 1211 3106 quamuis
1241 3043 1298 3087 ex-

159 3129 265 3194 ousari
287 3127 407 3213 possit,
440 3133 548 3192 tamen
570 3127 745 3193 mutatione
768 3126 847 3192 satis
870 3123 984 3190 audaci
1007 3143 1070 3189 non
1093 3124 1298 3191 commendo-

159 3235 234 3312 εστ),
259 3237 292 3296 ct
314 3251 385 3314 στρ.
404 3226 431 3294 δ’
456 3250 514 3315 pro
536 3227 701 3312 χεύμασιν
724 3230 863 3296 scribere
886 3221 1100 3310 χευμάτεσσ’,
1128 3235 1160 3294 et
1176 3251 1248 3292 αντ.
1267 3225 1294 3292 δ’

159 3355 215 3418 pro
244 3329 453 3418 τανύπτερος
482 3332 677 3398 nominativo
711 3331 868 3415 singulari
897 3335 1120 3415 ταναπτέροις
1154 3329 1296 3396 dativum

159 3438 326 3523 pluralem,
353 3457 436 3520 quae
459 3435 622 3500 mutatio'
613 3455 685 3520 rpsa
708 3434 867 3501 sententia
889 3454 952 3500 non
974 3433 1146 3518 flagitatur.

246 3557 381 3624 Metrum
336 3555 515 3706 “igitur
524 3554 607 3620 hoo
598 3575 633 3619 1n
648 3555 803 3640 corruptis
819 3554 966 3622 versibus
981 3554 1211 3621 restituendum
1227 3563 1293 3620 est:

412 3675 521 3711 sa-o.
508 3657 622 3705 'w-
640 3657 704 3704 v!
681 3657 730 3740 -Ι
754 3658 1121 3705 υέ-υ-υυ..υΞ

269 3856 272 3864 ¹
245 3785 376 3849 al.ouu
378 3775 459 3859 pl
447 3799 456 3842 ι
491 3778 565 3843 libri
593 3778 714 3843 habeut
741 3775 909 3866 μνημήιον
935 3779 997 3861 (vel
1019 3776 1214 3864 μναμήῑον).
1263 3775 1299 3842 ἐν

159 3881 403 3968 τεσσεράκοντα
433 3879 513 3965 γάρ,
547 3880 602 3946 ubi
632 3879 734 3946 formo
762 3880 869 3948 ionico
898 3881 978 3946 mira
1007 3889 1074 3963 cst,
1107 3901 1216 3947 verum
1240 3880 1299 3948 de-

158 3989 247 4056 lendi
269 3985 397 4052 videtur
417 3985 520 4050 ultera
542 3983 644 4049 formo
665 3983 787 4050 ionice:

243 4108 274 4192 b)
303 4127 375 4190 στρ.
393 4101 420 4189 y'
440 4107 456 4167 7
481 4100 662 4190 μαντήϊον·
688 4109 735 4189 τῷ
757 4105 814 4168 καὶ
836 4103 1074 4186 Λακεδαίμονι

158 4211 224 4277 Sed
239 4215 351 4276 neuter
365 4227 478 4274 versus
493 4206 528 4272 id
542 4214 677 4272 metrum
693 4205 846 4292 continet,
872 4207 957 4290 quod
973 4205 1186 4288 desideratur,
1213 4207 1298 4292 prior

158 4321 267 4380 antem
297 4319 432 4378 metrum
463 4329 572 4376 verum
600 4309 729 4394 recipit,
764 4310 792 4377 si
815 4311 918 4376 forms
940 4311 1098 4395 regularis
1121 4309 1298 4376 restituitur
