3238 4930
797 481 888 563 [aaa]
1371 492 1408 552 21

275 673 456 738 inscribitur
488 671 634 755 Gregorii
657 677 773 755 poetae
799 670 968 736 Christiani
992 693 1130 738 carmen.
1170 676 1210 740 cf.
1235 676 1411 762 Antholog.

275 777 387 842 Graec.
426 775 555 842 carmin.
595 775 847 840 Christianorum
877 776 1118 841 adornaverunt
1155 779 1210 844 W.
1246 780 1351 844 Christ
1381 791 1412 846 et

273 882 316 945 M.
341 879 518 943 Paranikes
541 878 667 964 Lipsiae
694 881 771 941 1871
798 899 828 962 p.
851 877 918 962 29).
964 880 1172 946 paraenetica
1195 891 1326 948 vocatur
1342 907 1411 949 sac-

272 986 343 1070 pius
365 984 471 1070 poesis
488 983 686 1066 Theognidis
712 989 744 1047 ct
767 983 916 1046 similium
933 991 1111 1067 poetarum.
1135 985 1185 1050 De
1201 990 1411 1069 paraeneticis

273 1087 463 1154 carminibus
480 1087 597 1151 Sextus
614 1085 792 1170 Empiricos
808 1087 888 1150 heco
904 1087 1058 1171 disputat:
1075 1089 1263 1168 πρῶτονμὲν
1280 1091 1344 1172 γάρ,
1358 1093 1411 1155 ἵνα

270 1191 493 1274 συιδριὶμιομειι
522 1187 627 1266 αὐτοῖς
657 1191 752 1273 μηδὲν
781 1197 934 1273 ποιητικῆς
966 1188 1173 1268 κατιιπόντις,
1206 1192 1271 1256 ‹ill'
1291 1191 1344 1258 οὖν
1377 1220 1410 1276 γε

271 1299 366 1360 ἐκεῖνο
382 1292 531 1375 πρόδηλόν
547 1295 636 1369 ἐστιν,
654 1290 700 1357 ὅτι
716 1291 812 1356 ὁπόσα
828 1293 884 1372 μὲν
898 1297 1039 1376 βιωφελῆ
1054 1299 1101 1358 καὶ
1118 1295 1264 1377 οἷοαγκαῖα
1280 1295 1410 1378 εὑρίσκο-

270 1426 318 1463 ται
343 1395 423 1480 παροὶ
438 1403 584 1480 ποιηταῖς,
607 1392 658 1460 οἷοί
673 1399 736 1461 ἐστι
756 1394 794 1460 roi
810 1393 947 1478 prosperari
962 1401 1010 1460 καὶ
1026 1399 1295 1480 resurrecturi,
1313 1408 1409 1466 ταῦτα

237 1521 241 1528 ’
271 1509 377 1588 σοφοῖς
400 1501 502 1578 αὐτοῖς
525 1499 695 1584 πέφρασται
717 1503 765 1564 καὶ
789 1499 825 1564 ov'
846 1505 943 1566 δεῖται
961 1508 1171 1584 γραμματικῆς
1184 1529 1207 1568 κ.
1219 1531 1244 1566 τ.
1256 1511 1280 1568 λ.
1304 1505 1407 1586 (Sext.

271 1604 394 1692 Empir.
418 1605 467 1671 cd.
491 1605 621 1670 Bekker
644 1628 675 1690 p.
700 1607 772 1678 662,
796 1605 861 1686 27).

374 1709 408 1790 6)
432 1709 721 1795 protrepticns
744 1706 810 1790 (rel
830 1709 1077 1793 protrepticum)
1093 1711 1326 1776 inscribebatur
1342 1733 1408 1778 oar·

270 1835 342 1878 men
372 1813 466 1878 Ennii
501 1811 548 1898 (p.
580 1811 659 1878 ΧΟΙ
690 1819 722 1877 et
754 1814 814 1876 165
839 1811 876 1874 ed
902 1811 1055 1896 Vahlen).
1108 1814 1407 1897 Protrepticon

152 1943 154 1954 ¹
269 1919 398 1984 inscribi
420 1919 546 1981 videtur
562 1917 593 1980 in
610 1915 773 1980 codicibus
797 1916 1008 1980 deterioribus
1031 1917 1130 2000 quinti
1146 1917 1238 1982 Statii
1256 1919 1405 1982 silvarum

270 2023 341 2087 libri
365 2043 492 2086 carmen
508 2021 654 2100 alterum,
677 2041 740 2104 quo
757 2019 940 2104 adloquitur
965 2019 1144 2103 Crispinum
1171 2019 1408 2084 adulescentem

270 2125 497 2203 discedentem,
523 2123 571 2186 cui
594 2122 749 2185 maiorum
772 2122 905 2205 gloriam
933 2123 1074 2187 ostendit
1098 2143 1233 2206 euinque
1259 2123 1408 2186 exhorta·

270 2238 340 2310 tur,
372 2237 407 2292 ut
436 2249 547 2292 eorum
580 2225 715 2309 vestigia
745 2231 906 2310 sequatur.
961 2225 1061 2290 Porro
1093 2226 1226 2291 Ausonii
1256 2225 1406 2302 edyllium

271 2325 418 2417 quartum
441 2331 638 2396 inscribitur:
666 2331 958 2416 protrepticon
980 2330 1020 2394 de
1038 2330 1143 2395 studio
1160 2332 1284 2416 puerili.
1309 2331 1407 2394 Deni-

272 2458 335 2521 que
358 2433 573 2518 ἐπιγράμμοτο
596 2431 798 2514 scorpaenae*
822 2433 928 2497 adhuc
950 2441 1060 2498 extant
1083 2436 1115 2498 in
1138 2433 1268 2498 Anthol.
1292 2433 1405 2498 Graec.

269 2539 369 2623 epigr.
395 2537 444 2601 ed.
467 2535 621 2600 Ducbner
644 2534 679 2599 II
702 2557 733 2620 p.
760 2539 833 2602 251.

372 2641 405 2722 7)
434 2640 714 2724 hypothetica
737 2659 820 2724 quae
839 2640 1049 2704 inscribantur
1073 2643 1212 2705 carmina
1228 2643 1303 2706 licet
1319 2645 1406 2708 nulla

269 2745 437 2830 reperiam,
464 2743 597 2806 similem
623 2751 710 2808 certe
732 2745 896 2808 notionem
919 2764 995 2828 prae
1016 2765 1050 2808 sc
1073 2743 1180 2808 ferunt
1204 2768 1300 2810 voces
1324 2766 1405 2829 quae

268 2855 342 2912 sunt
371 2845 570 2923 ὑπόθεσις
593 2855 625 2911 et
648 2844 845 2930 ὑποθήκη.
890 2845 1018 2911 Norunt
1046 2869 1154 2911 omnes
1178 2847 1307 2932 Tyrtaei
1329 2849 1405 2913 οπο-

268 2949 369 3034 6ἡκας
394 2949 526 3033 (Bergk.
537 2957 624 3034 poet.
641 2951 698 3034 lyr.
711 2951 824 3014 Graec.
839 2949 872 3014 ΙΙ
884 2972 914 3034 p.
933 2949 1021 3032 397),
1038 2950 1165 3014 Solonis
1180 2952 1222 3016 ib.
1237 2957 1297 3017 417
1316 2950 1406 3032 (ὑπο-

269 3057 362 3136 θῆκαι
381 3056 422 3129 εἷς
434 3051 642 3136 Ἀθηναίους)
656 3059 687 3117 et
701 3074 732 3138 p.
742 3055 804 3116 423
817 3051 986 3137 (ὑποθῆκαι
1000 3055 1040 3130 εἰς
1052 3052 1186 3136 ἑαυτόν).
1209 3055 1406 3139 Theognidis

267 3177 397 3242 quoque
414 3158 535 3240 elegiae
553 3165 601 3222 est
617 3157 671 3220 ubi
687 3155 844 3240 ὑποθῆκαι
861 3159 1079 3242 appellentur3
1096 3180 1154 3222 nec
1168 3181 1260 3223 secus
1273 3160 1407 3222 Hesiodi

268 3269 300 3324 et
323 3260 509 3345 Phocylidis
534 3262 651 3345 poesis.
697 3261 908 3325 Archilochus
940 3259 1056 3342 θερμὰς
1086 3261 1249 3339 baeticae
1282 3265 1408 3348 scripsit

267 3363 371 3443 (Keil,
395 3365 541 3428 analecta
561 3367 777 3447 grammatica,
794 3365 1013 3446 llclis1848):
1030 3366 1084 3429 ubi
1100 3364 1283 3430 ὑποθι-’σειοι
1297 3369 1406 3450 legen-

268 3468 343 3531 dum
367 3489 424 3552 pro
447 3465 619 3548 ὑποθηκῶν
641 3468 745 3553 (quod
769 3467 883 3532 Nauck
906 3475 938 3532 et
953 3470 1062 3552 Bergk
1077 3471 1276 3553 praeferunt)
1301 3471 1407 3535 Miller
1433 3523 1440 3532 .

266 3567 415 3655 probavit
437 3569 592 3654 (Journal
615 3571 672 3636 des
696 3571 819 3636 Serena
844 3575 927 3636 1870
949 3595 981 3656 p.
1008 3577 1067 3637 173
1091 3573 1200 3638 adnot.
1229 3574 1275 3655 5).

367 3673 494 3740 Deinde
510 3683 545 3738 ut
561 3676 675 3741 melius
690 3677 908 3760 perspicietur.
927 3697 1019 3762 quem
1036 3677 1068 3740 in
1086 3677 1217 3758 modum
1231 3699 1299 3741 moe
1311 3677 1406 3743 fuerit

268 3778 440 3842 carminum
464 3799 582 3862 genera
606 3779 755 3864 epithetis
772 3780 961 3866 significare,
986 3801 1049 3844 non
1069 3781 1208 3844 alienum
1225 3781 1302 3844 mihi
1318 3781 1405 3846 ride·

267 3887 319 3944 tur
343 3881 403 3946 hoc
426 3881 497 3946 loco
520 3884 640 3948 selecta
663 3883 785 3968 aliquot
808 3885 967 3947 vocabula
984 3884 1192 3964 Graecorum,
1216 3905 1298 3968 quac
1314 3906 1404 3968 prae-

266 3992 315 4048 ter
338 3983 416 4048 haec
440 3983 479 4049 de
510 3986 625 4070 quibus
650 3985 835 4050 disserimus
859 3987 1078 4051 Romanorum
1103 4008 1232 4072 quoquc
1256 3988 1287 4052 in
1312 4009 1404 4050 usum

267 4100 396 4175 recepta
419 4096 520 4168 erant,
543 4109 721 4174 apponere:

374 4193 403 4272 1)
433 4191 733 4276 genethliacon
761 4191 842 4256 Stat.
867 4193 935 4258 silv,
960 4191 993 4255 Il
1017 4193 1046 4268 7,

370 4295 406 4378 2)
427 4294 702 4379 epithalamia
726 4295 844 4358 Catulli
868 4296 935 4377 (61,
953 4295 1023 4378 62);
1047 4297 1161 4361 Licinii
1186 4297 1276 4362 Calvi
1300 4299 1347 4384 (p.
1365 4301 1406 4361 84

267 4399 317 4464 cd.
348 4401 425 4464 Luc.
458 4398 627 4484 Mueller);
665 4398 759 4462 Statii
791 4400 861 4465 silv.
892 4401 909 4464 I
942 4403 977 4484 2;
1016 4401 1151 4467 Gallieni
1182 4399 1284 4487 (apud
1307 4403 1405 4466 Treb.
