3244 4932
739 452 950 514 ...80-

275 646 371 712 mcdo
401 642 637 731 procedendum
667 641 762 708 fuerit
792 641 823 706 in
854 641 988 706 comitiis
1018 642 1078 706 rite
1108 643 1319 710 convocandis
1350 648 1411 712 ein·

275 752 407 836 gillotim
430 767 671 834 persequamur.

379 853 485 938 Atque
516 859 548 918 et
577 857 651 916 ante
682 855 812 915 senatus
837 869 1021 914 consessum
1046 856 1078 913 et
1100 858 1176 917 ente
1205 854 1316 940 populi
1339 877 1412 920 con·

276 961 393 1024 tionem
418 957 534 1042 quibus
556 955 597 1019 dc
620 955 715 1018 rebus
738 963 887 1038 ageretur
909 952 1178 1038 promulgandum
1201 964 1270 1021 crat
1302 961 1412 1026 tabule

276 1063 402 1148 publice
417 1060 591 1147 proposito.
620 1057 849 1139 Promulgondi
866 1065 974 1122 cutem
990 1077 1053 1120 vox
1069 1061 1198 1144 proprio
1214 1069 1262 1124 cst
1278 1063 1410 1146 προγρά-

276 1192 352 1252 φειν,
376 1165 417 1232 de
441 1185 504 1249 quo
529 1169 698 1248 prytonum
724 1181 854 1226 monere
879 1161 966 1226 hisce
987 1162 1121 1227 traditur
1144 1163 1236 1228 locis:

556 1348 584 1391 a.
628 1323 815 1412 προγράφειν
837 1327 983 1392 obsolute
1007 1327 1137 1392 dicitur:
1162 1419 1163 1424 ρ

382 1467 511 1533 ΟΙΑΙΙΙ
537 1489 566 1533 n.
591 1470 689 1548 61‚25:
714 1464 835 1532 ἐπειδάν
858 1467 888 1531 δέ
912 1473 1008 1531 ταῦτα
1032 1471 1320 1550 occumbendo-ici,
1344 1469 1414 1549 τοάς

276 1569 435 1654 πρυτάνεις
455 1569 630 1654 προγράψαι
647 1575 715 1652 περί
732 1569 847 1634 τούτων
863 1573 900 1650 ἐμ
916 1574 1142 1656 βουλευτηρίου,
1164 1571 1238 1636 ὅταν
1253 1569 1317 1638 οἷόν
1333 1600 1364 1638 τε
1379 1571 1412 1663 ᾖ.

380 1675 462 1740 Poll.
486 1675 571 1740 VIII
595 1678 651 1740 95:
681 1677 731 1738 καί
759 1673 967 1759 προγράφουσι
997 1674 1047 1758 (οἱ
1071 1674 1250 1760 πρυτάνεις]
1279 1676 1336 1758 πρά
1361 1680 1414 1761 τῆς

277 1787 389 1864 βουλῆς
411 1783 460 1844 καὶ
483 1777 541 1861 πρὸ
566 1787 620 1864 τῆς
643 1779 799 1861 ἐκκλησίας
821 1774 901 1860 tinio
924 1767 969 1842 ὦν
990 1783 1041 1842 δεῖ
1057 1781 1265 1864 χρηματίζειν.

379 1885 458 1950 Lex.
489 1884 570 1949 rhet.
600 1885 631 1948 in
661 1883 700 1948 Β.
724 1883 765 1947 Α.
788 1883 805 1947 Ι
828 1885 907 1947 2962
943 1881 1142 1965 πρόπεμπτα·
1173 1883 1208 1948 τδ
1239 1883 1297 1968 πρά
1327 1886 1413 1950 πέντε

277 1986 402 2072 ἡμερῶν
424 1995 479 2072 τῆς
501 1989 660 2072 ἐκκλησίας
683 1983 886 2072 προγράφειν,
910 1983 954 2050 ὅτι
977 1985 1060 2051 ἔσται
1083 1989 1243 2072 ἐκκλησία,
1266 1991 1292 2052 εἰ
1316 1988 1414 2074 τάγοι·

277 2093 304 2156 εί
326 2090 386 2156 ἔδει
409 2093 567 2175 ἐκκλησίαν
589 2089 733 2173 γενίσθαι
765 2096 807 2179 τῇ
828 2087 959 2179 δεκάτη,
992 2089 1182 2178 πρσέγραηον
1204 2091 1231 2156 οἱ
1254 2091 1416 2177 πρυτάνεις

267 2187 340 2258 ’άπά
364 2196 418 2278 τῆς
440 2192 580 2275 πέμπτης
603 2191 649 2258 ὅτι
673 2193 764 2258 ἔσται.

381 2297 473 2362 Dem.
497 2297 582 2362 XIX
605 2299 680 2363 185:
703 2295 778 2382 η’μῖν
800 2297 832 2361 δὲ
854 2303 974 2379 πρῶτον
995 2297 1052 2377 μίν
1074 2297 1131 2382 τήν
1152 2298 1267 2384 βουλήν
1289 2299 1415 2364 ἀκοῦσαι

279 2405 346 2484 περὶ
368 2399 489 2466 πάντων
511 2403 560 2466 καί
582 2406 803 2484 προβουλεῦσαι
826 2404 879 2478 δεῖ,
903 2409 956 2464 καῖ
982 2403 1071 2466 τοῦδ’
1095 2399 1171 2466 ὅταν
1191 2397 1214 2492 ᾖ
1237 2401 1336 2488 κη’ρυξι
1366 2404 1416 2466 καὶ

278 2505 448 2587 πρεσβείαις
471 2505 762 2588 προγεγραμμένον.1

382 2609 488 2675 Schol.
512 2611 552 2674 cd
576 2611 669 2676 Dem.
693 2609 790 2693 (Phil.
814 2610 831 2674 I
851 2611 882 2688 1)
906 2631 936 2695 p.
965 2613 1047 2693 142,4
1071 2610 1182 2676 Dind.:
1207 2609 1243 2675 τί
1266 2612 1297 2676 δὲ
1320 2608 1415 2693 προί-

279 2714 387 2776 τίδετο
410 2712 485 2789 τινὲς
503 2713 559 2793 μὲν
575 2713 643 2778 ἀντὶ
661 2720 715 2778 τοῦ
730 2712 943 2796 προεβάλλετο,
966 2714 1041 2791 τινὲς
1056 2714 1090 2777 δέ
1105 2713 1171 2778 άντί
1192 2721 1247 2778 τοῦ
1262 2713 1412 2797 προεγρά·

278 2833 369 2900 ψετο·
393 2815 557 2900 ἐπειδήπερ
580 2818 706 2894 σανίδας
724 2814 804 2894 τινας
826 2816 991 2904 ἐνίγραφον
1006 2816 1136 2901 ἐχοίσας
1151 2815 1184 2882 τὸ
1201 2822 1327 2900 πρᾶγμα
1348 2821 1414 2899 περί

279 2909 313 2982 οὗ
340 2917 357 3002 η
380 2917 488 2998 σκέψις
504 2922 554 2984 καὶ
570 2922 637 3002 περί
653 2915 688 2985 οὗ
705 2919 928 3002 συνεληλύθασι
945 2923 993 2984 καί
1010 2924 1193 3004 προετίθουν
1209 2927 1249 3010 τῇ
1264 2923 1416 3008 ἐκκλησίᾳ,

276 3022 326 3086 ἵνα
350 3027 441 3106 γνῶσι
464 3020 573 3101 πάντες
597 3026 664 3107 περὶ
687 3024 765 3100 τίνος
787 3025 870 3088 ἐστίν
894 3051 912 3106 η
936 3025 1085 3108 ε’κκληοία.
1120 3025 1158 3090 Β.
1182 3025 1219 3089 Τ.
1244 3024 1278 3089 Ο.
1301 3025 1338 3090 F.
1358 3025 1416 3089 Ψ

454 3189 484 3254 b.
508 3185 695 3274 προγράφειν
717 3187 886 3270 ἐκκλησίαν,
909 3189 1005 3270 κρίσιν
1027 3196 1086 3253 etc.
1109 3189 1239 3254 dicitur:

382 3330 498 3394 Aesch.
530 3327 643 3393 1160:
681 3325 827 3411 δεδάγθαι
869 3336 931 3404 τοῖς
963 3327 1134 3412 συμμάχοις
1171 3365 1204 3374 -
1240 3327 1418 3411 προγράψαι

281 3430 349 3510 τους
372 3431 528 3516 πρυτάνεις
550 3432 705 3518 ἐκκλησίας
728 3431 784 3495 δίο
807 3429 885 3495 κατά
907 3429 959 3495 τάν
982 3430 1082 3513 νόριον.

383 3537 431 3602 Ib.
456 3541 512 3602 61:
544 3534 725 3620 παράγυισθι
748 3533 789 3619 δη’
811 3561 862 3615 μοι
886 3537 935 3599 καί
959 3533 994 3600 τά
1017 3539 1073 3600 τοῦ
1097 3534 1322 3619 Δημοσθένους
1346 3533 1412 3618 ψὴ-

385 3714 393 3748 ¹
412 3711 448 3764 cf.
467 3711 553 3762 schol.
572 3709 607 3762 ad
626 3709 652 3761 h.
672 3709 690 3760 l.
709 3725 733 3776 p.
750 3708 823 3762 419o
846 3708 927 3760 Dind.
946 3708 1099 3780 πρόγραμμά
1116 3710 1167 3761 ἐστι
1186 3708 1216 3761 τά
1235 3717 1418 3780 προτιθέμενον

282 3796 325 3864 της
344 3799 475 3864 intricatae
493 3797 523 3848 Τ.
542 3795 571 3848 O.
591 3795 623 3846 V.
651 3795 818 3862 Quamquam
838 3795 1037 3846 Demosthenes
1056 3811 1109 3846 non
1129 3795 1164 3846 de
1182 3795 1277 3862 populi
1297 3797 1416 3868 ἐκκλησίᾳ,

280 3883 329 3934 sed
348 3883 382 3934 dc
401 3891 514 3934 conotus
532 3883 592 3954 λδρρ
605 3881 689 3932 verbo
708 3881 782 3934 iacit.
806 3881 894 3933 Aliter
907 3881 988 3933 sentit
1001 3883 1098 3934 Hortcl
1119 3881 1418 3950 etud.Dom.117⁴ioq.

384 3970 395 4008 ²
423 3968 501 4020 Adde
528 3970 615 4021 Schoi-
644 3967 678 4020 nd
703 3971 800 4020 Aetoii.
828 3967 921 4030 (1161)
947 3985 971 4036 pt
990 3969 1055 4032 530⁸
1083 3968 1171 4020 Diod:
1198 3968 1254 4029 τούς
1277 3968 1416 4040 πρυτάνεις]

280 4055 367 4122 invidt}
386 4055 435 4123 πρά
453 4057 497 4122 τῆς
514 4059 636 4123 ἐκκλησίαι
654 4061 761 4126 ίγραηιον
787 4054 859 4108 αὗτολ
885 4057 908 4108 οἱ
936 4053 1079 4123 πρυτάνεις.
1105 4063 1159 4122 περὶ
1180 4065 1255 4108 τίνων
1273 4054 1287 4122 ἦ
1306 4057 1419 4121 ίνκλησιά

279 4148 359 4211 με’λλει
378 4141 551 4208 βουλεύεσθαι·
589 4143 618 4195 Β.
638 4141 668 4194 F.
687 4141 717 4193 L.
737 4141 772 4193 M.

384 4229 471 4280 Aliter
489 4227 642 4299 προγράφειν
661 4227 760 4280 dicitur
778 4229 805 4278 in
824 4228 910 4280 schol.
931 4226 965 4279 od
978 4228 1076 4279 λοτοΙι.
1096 4227 1137 4290 (ΙΙ
1149 4226 1191 4292 14)
1210 4243 1235 4293 p.
1247 4227 1304 4292 44„
1319 4225 1416 4277 nint:

281 4311 493 4384 ἐπιγραψάμενοι]
512 4315 567 4368 cirri
587 4314 633 4368 τοῦ
646 4313 835 4386 προγράψαντες
853 4321 891 4366 καλ
912 4312 1090 4380 δποβαλάντες,
1105 4318 1148 4366 ‘iro
1165 4313 1238 4374 αι’ντάς
1255 4313 1417 4384 κατηγορήσῃ.

281 4401 312 4454 Β.
331 4399 362 4450 F.
382 4402 416 4454 M.
