3244 4932
732 451 828 536 [161]
1305 457 1346 520 23

211 653 306 719 Most.
333 655 346 716 1
374 651 469 716 Serui
491 651 545 734 qui
566 647 658 734 pedm
682 647 774 732 culpet
798 648 908 711 cere'ot
922 642 926 729 l
939 629 1182 712 teme'c'mchho
1198 650 1345 732 irretirent,

211 763 266 823 aot
288 755 425 840 denique
448 775 520 818 cum
542 753 611 817 aliis
635 752 711 817 eolis
734 750 886 816 iambicis.

312 859 416 924 Maior
437 878 588 922 numerus
611 857 726 920 herum
749 877 898 920 versuum
928 877 998 920 cum
1029 857 1238 942 quaternariis
1269 857 1345 922 iarn·

210 966 287 1032 bicis
310 963 563 1031 consociatorum
587 961 723 1027 occurrit
745 960 947 1026 intermixtus
968 959 1110 1025 versibus
1127 961 1181 1046 qui
1196 960 1345 1027 dicuntur

209 1069 367 1136 Reizianis
392 1068 422 1148 (o
440 1105 480 1116 -
501 1105 519 1136 o
538 1097 670 1138 -υ-
689 1101 765 1136 υ-
786 1066 791 1146 Ι
810 1104 828 1136 c
847 1101 886 1110 —
904 1101 922 1135 o
941 1100 980 1111 -
999 1063 1030 1145 υ)
1053 1062 1126 1129 Aul.
1151 1063 1211 1147 111,
1237 1067 1265 1128 2.

314 1172 394 1238 Oum
411 1173 525 1238 horum
541 1191 688 1234 versuum
705 1169 963 1254 compositorum,
980 1169 1032 1254 qui
1044 1175 1139 1234 antes
1151 1191 1170 1232 a
1182 1169 1344 1256 plerisque

208 1300 319 1343 versus
341 1275 483 1342 Reiziani
506 1274 707 1339 habebantur
731 1280 762 1338 et
784 1273 891 1338 adhue
913 1295 931 1336 a
956 1273 1115 1337 nonnullis
1139 1273 1212 1338 viris
1242 1273 1343 1341 doctis

209 1381 389 1464 habentur,¹
421 1388 489 1445 tum
515 1379 706 1459 breviorum,
737 1378 791 1464 qui
822 1378 1033 1462 posteriorem
1064 1383 1186 1462 partem
1217 1379 1345 1445 illorum

209 1485 361 1562 efficiunt,
384 1489 531 1549 naturam
554 1490 650 1567 atque
673 1480 814 1546 indolem
836 1481 954 1566 primus
981 1482 1145 1568 perspexit
1168 1481 1344 1550 Guilelmus

209 1588 419 1668 Studemund‚
442 1588 495 1673 qui
518 1587 558 1651 de
581 1587 619 1651 iis
642 1572 789 1649 disseruit
812 1585 844 1648 in
867 1584 981 1650 libellis
1005 1588 1268 1652 commemoratis.

313 1693 409 1768 Quod
432 1691 581 1779 religiosa
604 1711 753 1756 caesurae
778 1689 958 1756 observatio
981 1689 1119 1756 indicere
1148 1690 1284 1772 ridetur,
1313 1692 1343 1756 in

208 1797 256 1864 his
281 1797 426 1864 versibus
451 1817 553 1864 vacuo
572 1805 726 1880 tempore,
749 1815 813 1858 non
830 1794 911 1860 thesi
927 1793 1082 1879 producta
1099 1795 1238 1861 voluisse
1259 1817 1345 1860 oom-

208 1923 344 1988 pensare
367 1903 518 1967 Plautum
542 1901 626 1966 arsin
649 1919 861 1986 suppressam,
890 1897 923 1962 id
952 1898 1158 1964 confirmatur
1190 1921 1227 1964 eo
1258 1901 1374 1986 quod‘

208 2028 305 2093 saepe
321 2007 426 2072 soluta
442 2014 491 2072 est
506 2005 614 2088 thesis,
630 2011 703 2070 ante
719 2023 815 2090 quam
832 2003 950 2066 excidit
966 2003 1052 2085 arsis,
1073 2004 1106 2068 in
1121 2003 1201 2069 duas
1220 2005 1345 2090 breves,

205 2113 297 2178 *velut
319 2111 395 2176 Aul.
418 2113 459 2175 24

311 2215 460 2280 Meorcm
483 2215 609 2279 eddium
632 2215 660 2278 et
684 2213 877 2278 concidoiclm
907 2212 985 2277 mihi
1013 2213 1155 2296 pervidet
1180 2215 1183 2298 l
1201 2214 1345 2298 fecitis?

251 2322 292 2384 28
312 2319 349 2384 ss·
370 2320 415 2384 od
436 2320 566 2384 ienuam
588 2319 648 2383 heic
672 2318 849 2400 accesseris,
872 2318 936 2382 nisi
958 2317 1089 2398 idsecrd,
1115 2313 1119 2404 l
1143 2318 1285 2403 prdpiue.

311 2424 363 2489 De
385 2444 448 2510 qua
471 2422 686 2488 solutionem
709 2421 726 2504 θ
751 2423 768 2484 'l
792 2421 972 2486 accuratius
994 2429 1117 2506 agetur.

738 2691 807 2774 er.

311 2842 375 2908 Sed
398 2863 439 2907 ne
462 2843 493 2907 in
511 2842 633 2907 Graeca
657 2841 783 2927 quidem
799 2841 888 2926 poesi
903 2840 1019 2905 desunt
1034 2862 1154 2924 versus,
1178 2841 1210 2904 in
1230 2841 1343 2926 quibus

207 2969 309 3014 vacuo
339 2954 494 3033 tempore,
525 2967 589 3010 non
618 2945 701 3010 thesi
732 2946 861 3010 trisemo
890 2944 1028 3010 voluisse
1057 2951 1171 3029 poetas
1203 2943 1342 3029 rhythmi

206 3053 310 3136 legem
333 3051 501 3116 restituere
525 3050 618 3116 certis
641 3049 763 3114 indiciis
785 3049 957 3134 probatur:
982 3071 1093 3114 versus
1116 3047 1186 3112 dico
1203 3047 1342 3134 insignes

207 3157 312 3222 soluta
334 3153 417 3220 thesi
440 3155 508 3220 eius
535 3154 634 3240 pedis,
666 3153 755 3218 euius
785 3153 865 3218 arsis
895 3174 953 3238 per
984 3173 1145 3238 syncopae
1175 3151 1343 3216 artificium

209 3267 256 3327 eet
277 3260 414 3340 sublata,
438 3279 510 3324 cum
534 3279 628 3326 nemo
651 3259 773 3324 nesciat
788 3255 893 3322 thesin
908 3257 1069 3322 trisemam
1084 3257 1117 3320 in
1132 3255 1211 3321 duas
1228 3256 1341 3321 breves

208 3365 287 3430 solvi
309 3385 374 3429 non
397 3383 503 3449 posse.

309 3466 556 3552 Frequentiores
579 3489 620 3532 ex
644 3465 705 3530 hoc
732 3486 849 3551 genere
880 3470 954 3530 sunt
979 3463 1000 3526 ii
1023 3484 1145 3540 versus,
1174 3461 1342 3548 inquibus

207 3594 272 3638 non
295 3572 394 3637 thesis
417 3571 485 3637 eius
507 3571 607 3657 pedis,
631 3569 685 3656 qui
707 3570 769 3634 arsi
793 3574 889 3644 caret,
911 3566 989 3649 solo,
1013 3565 1069 3630 sed
1092 3585 1162 3628 curn
1181 3563 1262 3630 thesi
1278 3587 1342 3631 una

207 3685 263 3743 aut
292 3675 509 3762 compluribus
541 3675 675 3740 aliorum
707 3673 825 3760 pedum
859 3679 906 3738 est
939 3671 1058 3750 soluta,
1088 3669 1177 3734 velut
1209 3668 1343 3736 dimeter

207 3789 358 3848 constans
381 3801 422 3845 ex
445 3780 584 3844 diiambo
607 3799 671 3844 non
694 3783 870 3864 syncopato
895 3783 927 3842 ct
944 3775 1058 3841 cretico
1075 3774 1183 3860 primis
1198 3773 1341 3840 thesibus

207 3885 318 3952 solutis
332 3885 508 3972 insignibus
523 3883 556 3967 (c
572 3902 607 3956 cn
624 3919 642 3956 υ
660 3921 701 3931 -
722 3887 727 3960 Ι
748 3881 775 3952 Λ
796 3883 831 3936 se]
849 3905 868 3936 υ
887 3879 941 3961 -)
957 3903 984 3947 e.
1001 3901 1032 3964 g.
1052 3878 1128 3944 Eur.
1145 3875 1256 3964 Suppl.
1278 3881 1340 3943 824

542 3988 623 4054 idere
645 3996 745 4054 κακῶν
768 3986 905 4069 πέλαγος,
930 3979 966 4050 oi.

206 4099 264 4160 aut
285 4093 420 4160 dimeter
441 4093 504 4172 ille,
528 4093 582 4180 qui
605 4093 700 4177 vulgo
730 4115 787 4179 pro
820 4091 981 4156 troehaieo
1013 4088 1157 4170 habetur,
1187 4087 1246 4152 etsi
1276 4087 1340 4151 usi·

206 4199 380 4264 latissimus
403 4205 452 4264 est
474 4199 507 4262 in
532 4197 671 4284 strophis
695 4195 847 4276 iambicis,
868 4201 1016 4262 constans
1037 4215 1078 4259 ex
1101 4191 1227 4274 cretico,
1252 4190 1339 4255 euius

209 4337 409 4348 ..η-...-

311 4427 319 4462 ¹
337 4427 393 4480 Gir.
413 4424 512 4493 Christ,
533 4424 626 4477 Matre
645 4440 671 4491 p.
690 4421 749 4478 348.
