<?xml version="1.0" encoding="UTF-8"?>
<!DOCTYPE html PUBLIC "-//W3C//DTD XHTML 1.0 Transitional//EN"
    "http://www.w3.org/TR/xhtml1/DTD/xhtml1-transitional.dtd">
<html xmlns="http://www.w3.org/1999/xhtml" xml:lang="en" lang="en">
 <head>
  <title>
</title>
<meta http-equiv="Content-Type" content="text/html;charset=utf-8" />
  <meta name='ocr-system' content='tesseract 3.04.00' />
  <meta name='ocr-capabilities' content='ocr_page ocr_carea ocr_par ocr_line ocrx_word'/>
</head>
<body>
  <div class='ocr_page' id='page_1' title='image "./dissertationesp02stragoog_0570.png"; bbox 0 0 3226 4932; ppageno 0'>
   <div class='ocr_carea' id='block_1_1' title="bbox 596 428 860 511">
    <p class='ocr_par' dir='ltr' id='par_1_1' title="bbox 596 428 860 511">
     <span class='ocr_line' id='line_1_1' title="bbox 596 428 860 511; baseline 0 -20"><span class='ocrx_word' id='word_1_1' title='bbox 596 463 638 472; x_wconf 95' lang='lat'>-</span> <span class='ocrx_word' id='word_1_2' title='bbox 685 428 770 511; x_wconf 81' lang='lat'>[275]</span> <span class='ocrx_word' id='word_1_3' title='bbox 818 465 860 476; x_wconf 86' lang='lat'><em>-</em></span> 
     </span>
    </p>
   </div>
   <div class='ocr_carea' id='block_1_2' title="bbox 687 703 758 786">
    <p class='ocr_par' dir='ltr' id='par_1_2' title="bbox 687 703 758 786">
     <span class='ocr_line' id='line_1_2' title="bbox 687 703 758 786; baseline -0.028 -17"><span class='ocrx_word' id='word_1_4' title='bbox 687 703 758 786; x_wconf 67' lang='lat' dir='ltr'><strong>§h</strong></span> 
     </span>
    </p>
   </div>
   <div class='ocr_carea' id='block_1_3' title="bbox 243 839 1294 926">
    <p class='ocr_par' dir='ltr' id='par_1_3' title="bbox 243 839 1294 926">
     <span class='ocr_line' id='line_1_3' title="bbox 243 839 1294 926; baseline -0.002 -20"><span class='ocrx_word' id='word_1_5' title='bbox 243 841 364 907; x_wconf 85' lang='lat' dir='ltr'><strong>Versus</strong></span> <span class='ocrx_word' id='word_1_6' title='bbox 386 860 427 906; x_wconf 93' lang='lat' dir='ltr'><strong>ex</strong></span> <span class='ocrx_word' id='word_1_7' title='bbox 449 839 528 906; x_wconf 88' lang='lat' dir='ltr'><strong>eolis</strong></span> <span class='ocrx_word' id='word_1_8' title='bbox 550 839 666 906; x_wconf 78' lang='lat' dir='ltr'><strong>doricis</strong></span> <span class='ocrx_word' id='word_1_9' title='bbox 689 839 876 908; x_wconf 78' lang='lat' dir='ltr'><strong>conformati</strong></span> <span class='ocrx_word' id='word_1_10' title='bbox 897 841 1036 926; x_wconf 89' lang='lat' dir='ltr'><strong>quinqua</strong></span> <span class='ocrx_word' id='word_1_11' title='bbox 1059 841 1162 907; x_wconf 86' lang='lat' dir='ltr'><strong>modis</strong></span> <span class='ocrx_word' id='word_1_12' title='bbox 1183 839 1294 906; x_wconf 90' lang='lat' dir='ltr'><strong>termi-</strong></span> 
     </span>
    </p>
   </div>
   <div class='ocr_carea' id='block_1_4' title="bbox 46 943 1295 1236">
    <p class='ocr_par' dir='ltr' id='par_1_4' title="bbox 46 943 1295 1236">
     <span class='ocr_line' id='line_1_4' title="bbox 156 943 1295 1029; baseline 0 -21"><span class='ocrx_word' id='word_1_13' title='bbox 156 943 227 1008; x_wconf 86' lang='lat' dir='ltr'><strong>nari</strong></span> <span class='ocrx_word' id='word_1_14' title='bbox 249 949 393 1028; x_wconf 80' lang='lat' dir='ltr'>possunt,</span> <span class='ocrx_word' id='word_1_15' title='bbox 419 961 498 1026; x_wconf 88' lang='lat' dir='ltr'><strong>quos</strong></span> <span class='ocrx_word' id='word_1_16' title='bbox 520 943 776 1010; x_wconf 81' lang='lat' dir='ltr'><strong>enumerabimus</strong></span> <span class='ocrx_word' id='word_1_17' title='bbox 799 943 997 1028; x_wconf 77' lang='lat' dir='ltr'><strong>frequentiae</strong></span> <span class='ocrx_word' id='word_1_18' title='bbox 1020 945 1220 1029; x_wconf 83' lang='lat' dir='ltr'><strong>singulorum</strong></span> <span class='ocrx_word' id='word_1_19' title='bbox 1242 963 1295 1008; x_wconf 85' lang='lat' dir='ltr'><strong>ra-</strong></span> 
     </span>
     <span class='ocr_line' id='line_1_5' title="bbox 46 1045 1293 1139; baseline -0.002 -26"><span class='ocrx_word' id='word_1_20' title='bbox 46 1135 48 1139; x_wconf 23' lang='grc'><strong>,</strong></span> <span class='ocrx_word' id='word_1_21' title='bbox 158 1047 243 1132; x_wconf 89' lang='lat' dir='ltr'><strong>tione</strong></span> <span class='ocrx_word' id='word_1_22' title='bbox 259 1045 380 1127; x_wconf 79' lang='lat' dir='ltr'><strong>habita,</strong></span> <span class='ocrx_word' id='word_1_23' title='bbox 405 1045 452 1110; x_wconf 83' lang='lat' dir='ltr'><strong>ito</strong></span> <span class='ocrx_word' id='word_1_24' title='bbox 472 1051 581 1111; x_wconf 88' lang='lat' dir='ltr'><strong>tamen</strong></span> <span class='ocrx_word' id='word_1_25' title='bbox 604 1053 639 1112; x_wconf 90' lang='lat' dir='ltr'><strong>ut</strong></span> <span class='ocrx_word' id='word_1_26' title='bbox 660 1065 865 1113; x_wconf 85' lang='lat' dir='ltr'><strong>seoernamus</strong></span> <span class='ocrx_word' id='word_1_27' title='bbox 887 1065 999 1114; x_wconf 87' lang='lat' dir='ltr'><strong>versus</strong></span> <span class='ocrx_word' id='word_1_28' title='bbox 1022 1047 1055 1111; x_wconf 94' lang='lat' dir='ltr'><strong>in</strong></span> <span class='ocrx_word' id='word_1_29' title='bbox 1077 1045 1193 1112; x_wconf 89' lang='lat' dir='ltr'><strong>mediis</strong></span> <span class='ocrx_word' id='word_1_30' title='bbox 1211 1051 1293 1112; x_wconf 92' lang='lat' dir='ltr'><strong>stro-</strong></span> 
     </span>
     <span class='ocr_line' id='line_1_6' title="bbox 157 1147 1200 1236; baseline 0 -22"><span class='ocrx_word' id='word_1_31' title='bbox 157 1148 231 1235; x_wconf 90' lang='lat' dir='ltr'><strong>phis</strong></span> <span class='ocrx_word' id='word_1_32' title='bbox 254 1149 424 1215; x_wconf 85' lang='lat' dir='ltr'><strong>oollooatos</strong></span> <span class='ocrx_word' id='word_1_33' title='bbox 447 1168 468 1213; x_wconf 85' lang='lat' dir='ltr'><strong>a</strong></span> <span class='ocrx_word' id='word_1_34' title='bbox 490 1147 637 1214; x_wconf 88' lang='lat' dir='ltr'><strong>versibus</strong></span> <span class='ocrx_word' id='word_1_35' title='bbox 659 1148 693 1214; x_wconf 92' lang='lat' dir='ltr'><strong>in</strong></span> <span class='ocrx_word' id='word_1_36' title='bbox 715 1149 779 1217; x_wconf 90' lang='lat' dir='ltr'><strong>fine</strong></span> <span class='ocrx_word' id='word_1_37' title='bbox 801 1152 1002 1236; x_wconf 78' lang='lat' dir='ltr'><strong>stropharum</strong></span> <span class='ocrx_word' id='word_1_38' title='bbox 1024 1149 1200 1216; x_wconf 86' lang='lat' dir='ltr'><strong>oollooatis.</strong></span> 
     </span>
    </p>
   </div>
   <div class='ocr_carea' id='block_1_5' title="bbox 156 1262 1295 3000">
    <p class='ocr_par' dir='ltr' id='par_1_5' title="bbox 156 1262 1295 1640">
     <span class='ocr_line' id='line_1_7' title="bbox 244 1262 1295 1351; baseline 0.006 -25"><span class='ocrx_word' id='word_1_39' title='bbox 244 1262 404 1328; x_wconf 86' lang='lat' dir='ltr'><strong>Numerus</strong></span> <span class='ocrx_word' id='word_1_40' title='bbox 431 1262 529 1346; x_wconf 83' lang='lat' dir='ltr'><strong>igitur</strong></span> <span class='ocrx_word' id='word_1_41' title='bbox 550 1263 692 1328; x_wconf 90' lang='lat' dir='ltr'><strong>omnium</strong></span> <span class='ocrx_word' id='word_1_42' title='bbox 714 1281 864 1330; x_wconf 84' lang='lat' dir='ltr'><strong>versuum</strong></span> <span class='ocrx_word' id='word_1_43' title='bbox 886 1265 921 1330; x_wconf 93' lang='lat' dir='ltr'><strong>in</strong></span> <span class='ocrx_word' id='word_1_44' title='bbox 942 1265 1146 1351; x_wconf 83' lang='lat' dir='ltr'><strong>stropharum</strong></span> <span class='ocrx_word' id='word_1_45' title='bbox 1170 1265 1295 1332; x_wconf 84' lang='lat' dir='ltr'><strong>dorios-</strong></span> 
     </span>
     <span class='ocr_line' id='line_1_8' title="bbox 157 1363 1290 1452; baseline 0.005 -22"><span class='ocrx_word' id='word_1_46' title='bbox 157 1385 227 1430; x_wconf 91' lang='lat' dir='ltr'><strong>rum</strong></span> <span class='ocrx_word' id='word_1_47' title='bbox 249 1363 381 1430; x_wconf 84' lang='lat' dir='ltr'><strong>Pindsri</strong></span> <span class='ocrx_word' id='word_1_48' title='bbox 404 1365 576 1432; x_wconf 76' lang='lat' dir='ltr'><strong>schematis</strong></span> <span class='ocrx_word' id='word_1_49' title='bbox 600 1373 650 1432; x_wconf 90' lang='lat' dir='ltr'><strong>est</strong></span> <span class='ocrx_word' id='word_1_50' title='bbox 672 1369 753 1449; x_wconf 86' lang='grc'><strong>240,</strong></span> <span class='ocrx_word' id='word_1_51' title='bbox 786 1367 985 1452; x_wconf 82' lang='lat' dir='ltr'><strong>stropharum</strong></span> <span class='ocrx_word' id='word_1_52' title='bbox 1008 1375 1115 1436; x_wconf 89' lang='lat' dir='ltr'><strong>autem</strong></span> <span class='ocrx_word' id='word_1_53' title='bbox 1138 1374 1196 1448; x_wconf 90' lang='grc'><strong>44;</strong></span> <span class='ocrx_word' id='word_1_54' title='bbox 1230 1371 1290 1435; x_wconf 86' lang='lat' dir='ltr'><strong>itu-</strong></span> 
     </span>
     <span class='ocr_line' id='line_1_9' title="bbox 156 1467 1290 1554; baseline 0.004 -22"><span class='ocrx_word' id='word_1_55' title='bbox 156 1487 218 1551; x_wconf 86' lang='lat' dir='ltr'><strong>que</strong></span> <span class='ocrx_word' id='word_1_56' title='bbox 242 1469 304 1531; x_wconf 89' lang='grc'><strong>202</strong></span> <span class='ocrx_word' id='word_1_57' title='bbox 328 1487 438 1533; x_wconf 89' lang='lat' dir='ltr'><strong>versus</strong></span> <span class='ocrx_word' id='word_1_58' title='bbox 466 1467 501 1534; x_wconf 92' lang='lat' dir='ltr'><strong>in</strong></span> <span class='ocrx_word' id='word_1_59' title='bbox 530 1468 644 1535; x_wconf 86' lang='lat' dir='ltr'><strong>mediis</strong></span> <span class='ocrx_word' id='word_1_60' title='bbox 671 1469 811 1554; x_wconf 84' lang='lat' dir='ltr'><strong>strophis</strong></span> <span class='ocrx_word' id='word_1_61' title='bbox 840 1477 974 1550; x_wconf 88' lang='lat' dir='ltr'><strong>exeunt,</strong></span> <span class='ocrx_word' id='word_1_62' title='bbox 1008 1476 1048 1534; x_wconf 91' lang='grc'><strong>44</strong></span> <span class='ocrx_word' id='word_1_63' title='bbox 1071 1471 1106 1537; x_wconf 92' lang='lat' dir='ltr'><strong>in</strong></span> <span class='ocrx_word' id='word_1_64' title='bbox 1128 1473 1290 1538; x_wconf 85' lang='lat' dir='ltr'><strong>extremis.</strong></span> 
     </span>
     <span class='ocr_line' id='line_1_10' title="bbox 157 1569 656 1640; baseline 0.002 -5"><span class='ocrx_word' id='word_1_65' title='bbox 157 1569 241 1636; x_wconf 86' lang='lat' dir='ltr'><strong>Sunt</strong></span> <span class='ocrx_word' id='word_1_66' title='bbox 263 1577 370 1637; x_wconf 84' lang='lat' dir='ltr'><strong>autem</strong></span> <span class='ocrx_word' id='word_1_67' title='bbox 394 1571 516 1639; x_wconf 84' lang='lat' dir='ltr'><strong>formae</strong></span> <span class='ocrx_word' id='word_1_68' title='bbox 538 1572 656 1640; x_wconf 87' lang='lat' dir='ltr'><strong>exitus:</strong></span> 
     </span>
    </p>

    <p class='ocr_par' dir='ltr' id='par_1_6' title="bbox 242 1684 482 1766">
     <span class='ocr_line' id='line_1_11' title="bbox 242 1684 482 1766; baseline 0.013 -19"><span class='ocrx_word' id='word_1_69' title='bbox 242 1685 271 1766; x_wconf 89' lang='lat' dir='ltr'><strong>a)</strong></span> <span class='ocrx_word' id='word_1_70' title='bbox 298 1684 482 1750; x_wconf 83' lang='lat' dir='ltr'><strong>masculini:</strong></span> 
     </span>
    </p>

    <p class='ocr_par' dir='ltr' id='par_1_7' title="bbox 203 1785 1292 3000">
     <span class='ocr_line' id='line_1_12' title="bbox 303 1785 747 1872; baseline 0.009 -23"><span class='ocrx_word' id='word_1_71' title='bbox 303 1789 330 1870; x_wconf 82' lang='lat' dir='ltr'><strong>t)</strong></span> <span class='ocrx_word' id='word_1_72' title='bbox 358 1785 510 1872; x_wconf 69' lang='lat' dir='ltr'><strong>dactylici</strong></span> <span class='ocrx_word' id='word_1_73' title='bbox 535 1785 747 1850; x_wconf 53' lang='grc' dir='ltr'><strong>...ΜΞ</strong></span> 
     </span>
     <span class='ocr_line' id='line_1_13' title="bbox 412 1889 1289 1974; baseline 0 -20"><span class='ocrx_word' id='word_1_74' title='bbox 412 1890 444 1955; x_wconf 92' lang='lat' dir='ltr'><strong>in</strong></span> <span class='ocrx_word' id='word_1_75' title='bbox 467 1889 582 1956; x_wconf 87' lang='lat' dir='ltr'><strong>mediis</strong></span> <span class='ocrx_word' id='word_1_76' title='bbox 605 1889 774 1974; x_wconf 87' lang='lat' dir='ltr'><strong>strophis:</strong></span> <span class='ocrx_word' id='word_1_77' title='bbox 803 1893 855 1954; x_wconf 86' lang='grc'><strong>47.</strong></span> <span class='ocrx_word' id='word_1_78' title='bbox 969 1891 1005 1957; x_wconf 92' lang='lat' dir='ltr'><strong>in</strong></span> <span class='ocrx_word' id='word_1_79' title='bbox 1027 1891 1178 1958; x_wconf 86' lang='lat' dir='ltr'><strong>extremis</strong></span> <span class='ocrx_word' id='word_1_80' title='bbox 1205 1918 1209 1952; x_wconf 93' lang='lat'><strong>:</strong></span> <span class='ocrx_word' id='word_1_81' title='bbox 1260 1897 1289 1969; x_wconf 75' lang='grc'><strong>4.</strong></span> 
     </span>
     <span class='ocr_line' id='line_1_14' title="bbox 302 1991 724 2074; baseline 0.002 -19"><span class='ocrx_word' id='word_1_82' title='bbox 302 1993 330 2074; x_wconf 77' lang='lat'><strong>2}</strong></span> <span class='ocrx_word' id='word_1_83' title='bbox 358 1991 510 2058; x_wconf 90' lang='lat' dir='ltr'><strong>troohaioi</strong></span> <span class='ocrx_word' id='word_1_84' title='bbox 535 2043 541 2055; x_wconf 90' lang='lat'>.</span> <span class='ocrx_word' id='word_1_85' title='bbox 564 2043 570 2055; x_wconf 96' lang='lat'><em>.</em></span> <span class='ocrx_word' id='word_1_86' title='bbox 593 2044 599 2056; x_wconf 94' lang='lat'><em>.</em></span> <span class='ocrx_word' id='word_1_87' title='bbox 619 1991 724 2040; x_wconf 62' lang='grc' dir='ltr'><strong>-υὲ</strong></span> 
     </span>
     <span class='ocr_line' id='line_1_15' title="bbox 412 2093 1289 2180; baseline -0.001 -21"><span class='ocrx_word' id='word_1_88' title='bbox 412 2094 446 2160; x_wconf 91' lang='lat' dir='ltr'><strong>in</strong></span> <span class='ocrx_word' id='word_1_89' title='bbox 468 2093 583 2161; x_wconf 89' lang='lat' dir='ltr'><strong>mediis</strong></span> <span class='ocrx_word' id='word_1_90' title='bbox 605 2095 744 2180; x_wconf 88' lang='lat' dir='ltr'><strong>strophis</strong></span> <span class='ocrx_word' id='word_1_91' title='bbox 769 2121 774 2158; x_wconf 90' lang='lat'>:</span> <span class='ocrx_word' id='word_1_92' title='bbox 803 2097 854 2160; x_wconf 86' lang='grc'><strong>94.</strong></span> <span class='ocrx_word' id='word_1_93' title='bbox 970 2096 1005 2162; x_wconf 92' lang='lat' dir='ltr'><strong>in</strong></span> <span class='ocrx_word' id='word_1_94' title='bbox 1028 2096 1179 2164; x_wconf 83' lang='lat' dir='ltr'><strong>extremis</strong></span> <span class='ocrx_word' id='word_1_95' title='bbox 1205 2123 1209 2160; x_wconf 90' lang='lat'>:</span> <span class='ocrx_word' id='word_1_96' title='bbox 1242 2100 1289 2159; x_wconf 85' lang='grc'><strong>12.</strong></span> 
     </span>
     <span class='ocr_line' id='line_1_16' title="bbox 241 2206 462 2289; baseline -0.014 -17"><span class='ocrx_word' id='word_1_97' title='bbox 241 2207 271 2289; x_wconf 81' lang='lat' dir='ltr'><strong>b]</strong></span> <span class='ocrx_word' id='word_1_98' title='bbox 300 2206 462 2273; x_wconf 84' lang='lat' dir='ltr'><strong>feminini:</strong></span> 
     </span>
     <span class='ocr_line' id='line_1_17' title="bbox 203 2309 792 2396; baseline 0.008 -24"><span class='ocrx_word' id='word_1_99' title='bbox 203 2323 204 2328; x_wconf 72' lang='grc'>’</span> <span class='ocrx_word' id='word_1_100' title='bbox 303 2312 330 2392; x_wconf 82' lang='lat' dir='ltr'><strong>t)</strong></span> <span class='ocrx_word' id='word_1_101' title='bbox 359 2309 509 2396; x_wconf 79' lang='lat' dir='ltr'><strong>dactylici</strong></span> <span class='ocrx_word' id='word_1_102' title='bbox 535 2361 541 2374; x_wconf 91' lang='lat'>.</span> <span class='ocrx_word' id='word_1_103' title='bbox 564 2309 792 2373; x_wconf 42' lang='lat' dir='ltr'><strong>..Md</strong></span> 
     </span>
     <span class='ocr_line' id='line_1_18' title="bbox 411 2411 1289 2498; baseline -0.001 -21"><span class='ocrx_word' id='word_1_104' title='bbox 411 2412 444 2477; x_wconf 93' lang='lat' dir='ltr'><strong>in</strong></span> <span class='ocrx_word' id='word_1_105' title='bbox 467 2411 583 2478; x_wconf 89' lang='lat' dir='ltr'><strong>mediis</strong></span> <span class='ocrx_word' id='word_1_106' title='bbox 605 2411 744 2498; x_wconf 89' lang='lat' dir='ltr'><strong>strophis</strong></span> <span class='ocrx_word' id='word_1_107' title='bbox 769 2437 774 2474; x_wconf 94' lang='lat'>:</span> <span class='ocrx_word' id='word_1_108' title='bbox 804 2413 856 2476; x_wconf 88' lang='grc'><strong>33.</strong></span> <span class='ocrx_word' id='word_1_109' title='bbox 970 2412 1004 2478; x_wconf 93' lang='lat' dir='ltr'><strong>in</strong></span> <span class='ocrx_word' id='word_1_110' title='bbox 1027 2413 1178 2480; x_wconf 89' lang='lat' dir='ltr'><strong>extremis</strong></span> <span class='ocrx_word' id='word_1_111' title='bbox 1205 2439 1211 2476; x_wconf 76' lang='grc' dir='ltr'><strong>ι</strong></span> <span class='ocrx_word' id='word_1_112' title='bbox 1260 2417 1289 2477; x_wconf 88' lang='grc'><strong>2.</strong></span> 
     </span>
     <span class='ocr_line' id='line_1_19' title="bbox 301 2513 799 2600; baseline -0.004 -20"><span class='ocrx_word' id='word_1_113' title='bbox 301 2519 331 2600; x_wconf 89' lang='grc'><strong>2)</strong></span> <span class='ocrx_word' id='word_1_114' title='bbox 358 2515 509 2582; x_wconf 85' lang='lat' dir='ltr'><strong>troehaioi</strong></span> <span class='ocrx_word' id='word_1_115' title='bbox 534 2566 540 2578; x_wconf 96' lang='lat'>.</span> <span class='ocrx_word' id='word_1_116' title='bbox 563 2564 569 2576; x_wconf 89' lang='lat'>.</span> <span class='ocrx_word' id='word_1_117' title='bbox 592 2513 764 2577; x_wconf 45' lang='lat' dir='ltr'><strong>avt!</strong></span> <span class='ocrx_word' id='word_1_118' title='bbox 795 2566 799 2578; x_wconf 87' lang='lat'><strong><em>.</em></strong></span> 
     </span>
     <span class='ocr_line' id='line_1_20' title="bbox 411 2617 1290 2703; baseline 0 -21"><span class='ocrx_word' id='word_1_119' title='bbox 411 2618 444 2682; x_wconf 94' lang='lat' dir='ltr'><strong>in</strong></span> <span class='ocrx_word' id='word_1_120' title='bbox 468 2617 582 2684; x_wconf 90' lang='lat' dir='ltr'><strong>mediis</strong></span> <span class='ocrx_word' id='word_1_121' title='bbox 605 2617 745 2703; x_wconf 87' lang='lat' dir='ltr'><strong>strophis</strong></span> <span class='ocrx_word' id='word_1_122' title='bbox 772 2643 777 2680; x_wconf 93' lang='lat'>:</span> <span class='ocrx_word' id='word_1_123' title='bbox 805 2620 857 2682; x_wconf 88' lang='grc'><strong>26.</strong></span> <span class='ocrx_word' id='word_1_124' title='bbox 972 2617 1005 2681; x_wconf 94' lang='lat' dir='ltr'><strong>in</strong></span> <span class='ocrx_word' id='word_1_125' title='bbox 1028 2619 1179 2685; x_wconf 89' lang='lat' dir='ltr'><strong>extremis</strong></span> <span class='ocrx_word' id='word_1_126' title='bbox 1205 2645 1210 2682; x_wconf 90' lang='lat'>:</span> <span class='ocrx_word' id='word_1_127' title='bbox 1239 2623 1290 2682; x_wconf 86' lang='grc'><strong>26.</strong></span> 
     </span>
     <span class='ocr_line' id='line_1_21' title="bbox 243 2727 778 2814; baseline -0.002 -18"><span class='ocrx_word' id='word_1_128' title='bbox 243 2735 268 2813; x_wconf 83' lang='lat' dir='ltr'><strong>e)</strong></span> <span class='ocrx_word' id='word_1_129' title='bbox 299 2731 332 2794; x_wconf 93' lang='lat' dir='ltr'><strong>in</strong></span> <span class='ocrx_word' id='word_1_130' title='bbox 355 2737 420 2796; x_wconf 89' lang='lat' dir='ltr'><strong>tres</strong></span> <span class='ocrx_word' id='word_1_131' title='bbox 442 2729 556 2814; x_wconf 84' lang='lat' dir='ltr'><strong>longas</strong></span> <span class='ocrx_word' id='word_1_132' title='bbox 583 2779 589 2791; x_wconf 92' lang='lat'><em>.</em></span> <span class='ocrx_word' id='word_1_133' title='bbox 612 2779 618 2791; x_wconf 93' lang='lat'><em>.</em></span> <span class='ocrx_word' id='word_1_134' title='bbox 640 2746 694 2791; x_wconf 68' lang='grc'><strong>,1-</strong></span> <span class='ocrx_word' id='word_1_135' title='bbox 712 2727 778 2782; x_wconf 58' lang='lat'><strong>1-2‘</strong></span> 
     </span>
     <span class='ocr_line' id='line_1_22' title="bbox 413 2831 1292 2932; baseline -0.003 -35"><span class='ocrx_word' id='word_1_136' title='bbox 413 2832 447 2897; x_wconf 94' lang='lat' dir='ltr'><strong>in</strong></span> <span class='ocrx_word' id='word_1_137' title='bbox 469 2831 584 2898; x_wconf 90' lang='lat' dir='ltr'><strong>mediis</strong></span> <span class='ocrx_word' id='word_1_138' title='bbox 607 2831 745 2917; x_wconf 87' lang='lat' dir='ltr'><strong>strophis</strong></span> <span class='ocrx_word' id='word_1_139' title='bbox 772 2835 865 2930; x_wconf 52' lang='lat' dir='ltr'><strong>:j-</strong></span> <span class='ocrx_word' id='word_1_140' title='bbox 972 2831 1006 2897; x_wconf 93' lang='lat' dir='ltr'><strong>in</strong></span> <span class='ocrx_word' id='word_1_141' title='bbox 1028 2832 1180 2899; x_wconf 91' lang='lat' dir='ltr'><strong>extremis</strong></span> <span class='ocrx_word' id='word_1_142' title='bbox 1206 2858 1210 2894; x_wconf 93' lang='lat'>:</span> <span class='ocrx_word' id='word_1_143' title='bbox 1225 2841 1292 2932; x_wconf 45' lang='lat' dir='ltr'><strong>..Q</strong></span> 
     </span>
     <span class='ocr_line' id='line_1_23' title="bbox 785 2937 1288 3000; baseline 0.006 -3"><span class='ocrx_word' id='word_1_144' title='bbox 785 2937 860 3000; x_wconf 88' lang='grc'><strong>202.</strong></span> <span class='ocrx_word' id='word_1_145' title='bbox 1238 2941 1288 3000; x_wconf 93' lang='grc'><strong>44.</strong></span> 
     </span>
    </p>
   </div>
   <div class='ocr_carea' id='block_1_6' title="bbox 160 3073 1296 4391">
    <p class='ocr_par' dir='ltr' id='par_1_8' title="bbox 160 3073 1291 3258">
     <span class='ocr_line' id='line_1_24' title="bbox 243 3073 1291 3158; baseline -0.002 -19"><span class='ocrx_word' id='word_1_146' title='bbox 243 3073 364 3152; x_wconf 81' lang='lat' dir='ltr'><strong>Quodsi</strong></span> <span class='ocrx_word' id='word_1_147' title='bbox 394 3093 451 3157; x_wconf 90' lang='lat' dir='ltr'><strong>pro</strong></span> <span class='ocrx_word' id='word_1_148' title='bbox 479 3075 542 3135; x_wconf 83' lang='lat'><strong>202</strong></span> <span class='ocrx_word' id='word_1_149' title='bbox 565 3073 711 3139; x_wconf 87' lang='lat' dir='ltr'><strong>versibus</strong></span> <span class='ocrx_word' id='word_1_150' title='bbox 738 3076 813 3154; x_wconf 87' lang='lat'>100,</span> <span class='ocrx_word' id='word_1_151' title='bbox 850 3079 882 3138; x_wconf 91' lang='lat' dir='ltr'><strong>et</strong></span> <span class='ocrx_word' id='word_1_152' title='bbox 911 3093 967 3158; x_wconf 91' lang='lat' dir='ltr'><strong>pro</strong></span> <span class='ocrx_word' id='word_1_153' title='bbox 991 3078 1030 3137; x_wconf 93' lang='grc'><strong>44</strong></span> <span class='ocrx_word' id='word_1_154' title='bbox 1054 3073 1194 3156; x_wconf 90' lang='lat' dir='ltr'><strong>strophis</strong></span> <span class='ocrx_word' id='word_1_155' title='bbox 1216 3074 1291 3138; x_wconf 89' lang='lat' dir='ltr'><strong>item</strong></span> 
     </span>
     <span class='ocr_line' id='line_1_25' title="bbox 160 3174 998 3258; baseline -0.001 -19"><span class='ocrx_word' id='word_1_156' title='bbox 160 3179 220 3240; x_wconf 93' lang='grc'><strong>100</strong></span> <span class='ocrx_word' id='word_1_157' title='bbox 244 3176 409 3258; x_wconf 87' lang='lat' dir='ltr'><strong>sumimus,</strong></span> <span class='ocrx_word' id='word_1_158' title='bbox 434 3175 557 3242; x_wconf 88' lang='lat' dir='ltr'><strong>numeri</strong></span> <span class='ocrx_word' id='word_1_159' title='bbox 579 3175 639 3242; x_wconf 89' lang='lat' dir='ltr'><strong>hoo</strong></span> <span class='ocrx_word' id='word_1_160' title='bbox 661 3174 755 3241; x_wconf 92' lang='lat' dir='ltr'><strong>modo</strong></span> <span class='ocrx_word' id='word_1_161' title='bbox 777 3175 998 3243; x_wconf 89' lang='lat' dir='ltr'><strong>immutantur:</strong></span> 
     </span>
    </p>

    <p class='ocr_par' dir='ltr' id='par_1_9' title="bbox 243 3285 1296 4321">
     <span class='ocr_line' id='line_1_26' title="bbox 243 3285 571 3370; baseline -0.009 -35"><span class='ocrx_word' id='word_1_162' title='bbox 243 3289 272 3370; x_wconf 69' lang='lat' dir='ltr'><strong>a)</strong></span> <span class='ocrx_word' id='word_1_163' title='bbox 302 3291 328 3370; x_wconf 72' lang='lat'><strong>1)</strong></span> <span class='ocrx_word' id='word_1_164' title='bbox 360 3337 365 3349; x_wconf 52' lang='grc' dir='ltr'>Ι</span> <span class='ocrx_word' id='word_1_165' title='bbox 388 3337 394 3349; x_wconf 55' lang='grc'><em>,</em></span> <span class='ocrx_word' id='word_1_166' title='bbox 417 3337 422 3348; x_wconf 62' lang='grc'>,</span> <span class='ocrx_word' id='word_1_167' title='bbox 442 3323 464 3332; x_wconf 88' lang='grc'><strong>-</strong></span> <span class='ocrx_word' id='word_1_168' title='bbox 481 3303 531 3335; x_wconf 66' lang='grc' dir='ltr'>ω</span> <span class='ocrx_word' id='word_1_169' title='bbox 546 3285 571 3332; x_wconf 64' lang='grc' dir='ltr'><strong>Ξ</strong></span> 
     </span>
     <span class='ocr_line' id='line_1_27' title="bbox 411 3388 1292 3476; baseline -0.001 -22"><span class='ocrx_word' id='word_1_170' title='bbox 411 3390 445 3454; x_wconf 93' lang='lat' dir='ltr'><strong>iu</strong></span> <span class='ocrx_word' id='word_1_171' title='bbox 467 3388 583 3455; x_wconf 88' lang='lat' dir='ltr'><strong>mediis</strong></span> <span class='ocrx_word' id='word_1_172' title='bbox 606 3389 744 3476; x_wconf 90' lang='lat' dir='ltr'><strong>strophis</strong></span> <span class='ocrx_word' id='word_1_173' title='bbox 767 3391 849 3472; x_wconf 89' lang='grc'><strong>2396</strong></span> <span class='ocrx_word' id='word_1_174' title='bbox 981 3390 1015 3456; x_wconf 91' lang='lat' dir='ltr'><strong>in</strong></span> <span class='ocrx_word' id='word_1_175' title='bbox 1037 3391 1188 3456; x_wconf 88' lang='lat' dir='ltr'><strong>extremis</strong></span> <span class='ocrx_word' id='word_1_176' title='bbox 1217 3396 1292 3472; x_wconf 88' lang='grc'><strong>1096</strong></span> 
     </span>
     <span class='ocr_line' id='line_1_28' title="bbox 303 3490 550 3557; baseline -0.016 -17"><span class='ocrx_word' id='word_1_177' title='bbox 303 3497 321 3557; x_wconf 80' lang='lat'><strong>2</strong></span> <span class='ocrx_word' id='word_1_178' title='bbox 363 3543 368 3556; x_wconf 41' lang='lat'>⁸</span> <span class='ocrx_word' id='word_1_179' title='bbox 392 3542 398 3552; x_wconf 69' lang='grc'>,</span> <span class='ocrx_word' id='word_1_180' title='bbox 421 3543 426 3555; x_wconf 65' lang='grc'>,</span> <span class='ocrx_word' id='word_1_181' title='bbox 447 3527 468 3537; x_wconf 87' lang='grc'><strong>..</strong></span> <span class='ocrx_word' id='word_1_182' title='bbox 485 3509 510 3540; x_wconf 74' lang='grc' dir='ltr'><strong>υ</strong></span> <span class='ocrx_word' id='word_1_183' title='bbox 525 3490 550 3536; x_wconf 66' lang='grc' dir='ltr'>Ξ</span> 
     </span>
     <span class='ocr_line' id='line_1_29' title="bbox 323 3495 1294 3680; baseline -0.004 -20"><span class='ocrx_word' id='word_1_184' title='bbox 323 3495 330 3576; x_wconf 55' lang='lat' dir='ltr'>J</span> <span class='ocrx_word' id='word_1_185' title='bbox 412 3595 445 3660; x_wconf 90' lang='lat' dir='ltr'><strong>in</strong></span> <span class='ocrx_word' id='word_1_186' title='bbox 468 3593 583 3662; x_wconf 88' lang='lat' dir='ltr'><strong>mediis</strong></span> <span class='ocrx_word' id='word_1_187' title='bbox 605 3594 745 3680; x_wconf 90' lang='lat' dir='ltr'><strong>strophis</strong></span> <span class='ocrx_word' id='word_1_188' title='bbox 767 3599 848 3678; x_wconf 88' lang='grc'><strong>4796</strong></span> <span class='ocrx_word' id='word_1_189' title='bbox 982 3596 1016 3660; x_wconf 93' lang='lat' dir='ltr'><strong>in</strong></span> <span class='ocrx_word' id='word_1_190' title='bbox 1038 3593 1190 3660; x_wconf 88' lang='lat' dir='ltr'><strong>extremis</strong></span> <span class='ocrx_word' id='word_1_191' title='bbox 1214 3597 1294 3677; x_wconf 76' lang='grc'><strong>2196</strong></span> 
     </span>
     <span class='ocr_line' id='line_1_30' title="bbox 244 3705 620 3792; baseline -0.013 -35"><span class='ocrx_word' id='word_1_192' title='bbox 244 3709 274 3792; x_wconf 79' lang='lat' dir='ltr'><strong>b)</strong></span> <span class='ocrx_word' id='word_1_193' title='bbox 306 3705 620 3787; x_wconf 50' lang='grc' dir='ltr'><strong>1),,,-υυ1,ἕ</strong></span> 
     </span>
     <span class='ocr_line' id='line_1_31' title="bbox 412 3809 1296 3896; baseline -0.003 -20"><span class='ocrx_word' id='word_1_194' title='bbox 412 3811 445 3876; x_wconf 93' lang='lat' dir='ltr'><strong>in</strong></span> <span class='ocrx_word' id='word_1_195' title='bbox 468 3809 584 3877; x_wconf 86' lang='lat' dir='ltr'><strong>mediis</strong></span> <span class='ocrx_word' id='word_1_196' title='bbox 606 3809 745 3896; x_wconf 89' lang='lat' dir='ltr'><strong>strophis</strong></span> <span class='ocrx_word' id='word_1_197' title='bbox 771 3813 849 3892; x_wconf 87' lang='grc'><strong>1696</strong></span> <span class='ocrx_word' id='word_1_198' title='bbox 984 3810 1018 3876; x_wconf 92' lang='lat' dir='ltr'><strong>in</strong></span> <span class='ocrx_word' id='word_1_199' title='bbox 1041 3809 1191 3877; x_wconf 89' lang='lat' dir='ltr'><strong>extremis</strong></span> <span class='ocrx_word' id='word_1_200' title='bbox 1237 3815 1296 3892; x_wconf 85' lang='grc'><strong>596</strong></span> 
     </span>
     <span class='ocr_line' id='line_1_32' title="bbox 301 3913 593 3977; baseline -0.007 -15"><span class='ocrx_word' id='word_1_201' title='bbox 301 3917 319 3976; x_wconf 76' lang='lat'>2</span> <span class='ocrx_word' id='word_1_202' title='bbox 362 3963 367 3976; x_wconf 63' lang='grc'><strong>,</strong></span> <span class='ocrx_word' id='word_1_203' title='bbox 391 3968 395 3977; x_wconf 54' lang='grc'><em>,</em></span> <span class='ocrx_word' id='word_1_204' title='bbox 419 3965 424 3977; x_wconf 47' lang='grc' dir='ltr'>Ι</span> <span class='ocrx_word' id='word_1_205' title='bbox 444 3951 466 3960; x_wconf 92' lang='grc'>-</span> <span class='ocrx_word' id='word_1_206' title='bbox 483 3931 509 3962; x_wconf 72' lang='grc' dir='ltr'><strong>υ</strong></span> <span class='ocrx_word' id='word_1_207' title='bbox 527 3932 548 3968; x_wconf 71' lang='grc' dir='ltr'><strong>ι,</strong></span> <span class='ocrx_word' id='word_1_208' title='bbox 568 3913 593 3960; x_wconf 65' lang='grc' dir='ltr'>Ξ</span> 
     </span>
     <span class='ocr_line' id='line_1_33' title="bbox 322 3917 1296 4101; baseline 0 -21"><span class='ocrx_word' id='word_1_209' title='bbox 322 3917 329 3996; x_wconf 66' lang='lat'><em>)</em></span> <span class='ocrx_word' id='word_1_210' title='bbox 411 4016 445 4081; x_wconf 93' lang='lat' dir='ltr'><strong>in</strong></span> <span class='ocrx_word' id='word_1_211' title='bbox 468 4015 584 4083; x_wconf 86' lang='lat' dir='ltr'><strong>mediis</strong></span> <span class='ocrx_word' id='word_1_212' title='bbox 606 4014 746 4101; x_wconf 79' lang='lat' dir='ltr'><strong>strophis</strong></span> <span class='ocrx_word' id='word_1_213' title='bbox 772 4019 851 4100; x_wconf 88' lang='grc'><strong>1396</strong></span> <span class='ocrx_word' id='word_1_214' title='bbox 985 4015 1018 4080; x_wconf 91' lang='lat' dir='ltr'><strong>in</strong></span> <span class='ocrx_word' id='word_1_215' title='bbox 1041 4017 1192 4082; x_wconf 86' lang='lat' dir='ltr'><strong>extremis</strong></span> <span class='ocrx_word' id='word_1_216' title='bbox 1216 4018 1296 4098; x_wconf 85' lang='grc'><strong>5896</strong></span> 
     </span>
     <span class='ocr_line' id='line_1_34' title="bbox 302 4117 561 4185; baseline 0 -12"><span class='ocrx_word' id='word_1_217' title='bbox 302 4123 320 4185; x_wconf 89' lang='grc'><strong>3</strong></span> <span class='ocrx_word' id='word_1_218' title='bbox 362 4170 367 4182; x_wconf 89' lang='grc'>,</span> <span class='ocrx_word' id='word_1_219' title='bbox 390 4171 395 4182; x_wconf 82' lang='grc'><strong>,</strong></span> <span class='ocrx_word' id='word_1_220' title='bbox 420 4169 425 4182; x_wconf 87' lang='grc'>,</span> <span class='ocrx_word' id='word_1_221' title='bbox 448 4135 473 4173; x_wconf 84' lang='grc'><strong>1-</strong></span> <span class='ocrx_word' id='word_1_222' title='bbox 492 4143 518 4174; x_wconf 85' lang='lat' dir='ltr'><strong>r..</strong></span> <span class='ocrx_word' id='word_1_223' title='bbox 536 4117 561 4165; x_wconf 57' lang='grc' dir='ltr'>Υ</span> 
     </span>
     <span class='ocr_line' id='line_1_35' title="bbox 323 4123 1272 4321; baseline 0 -34"><span class='ocrx_word' id='word_1_224' title='bbox 323 4123 330 4201; x_wconf 51' lang='lat' dir='ltr'>J</span> <span class='ocrx_word' id='word_1_225' title='bbox 411 4223 444 4287; x_wconf 92' lang='lat' dir='ltr'><strong>in</strong></span> <span class='ocrx_word' id='word_1_226' title='bbox 467 4221 584 4290; x_wconf 88' lang='lat' dir='ltr'><strong>mediis</strong></span> <span class='ocrx_word' id='word_1_227' title='bbox 606 4219 748 4308; x_wconf 87' lang='lat' dir='ltr'><strong>strophis</strong></span> <span class='ocrx_word' id='word_1_228' title='bbox 748 4227 832 4321; x_wconf 42' lang='lat'><strong>*1-</strong></span> <span class='ocrx_word' id='word_1_229' title='bbox 817 4229 852 4304; x_wconf 87' lang='grc'><strong>96</strong></span> <span class='ocrx_word' id='word_1_230' title='bbox 988 4221 1020 4285; x_wconf 89' lang='lat' dir='ltr'><strong>in</strong></span> <span class='ocrx_word' id='word_1_231' title='bbox 1043 4221 1193 4287; x_wconf 86' lang='lat' dir='ltr'><strong>extremis</strong></span> <span class='ocrx_word' id='word_1_232' title='bbox 1188 4231 1272 4321; x_wconf 41' lang='lat' dir='ltr'><strong>„o-</strong></span> 
     </span>
    </p>

    <p class='ocr_par' dir='ltr' id='par_1_10' title="bbox 753 4330 1266 4391">
     <span class='ocr_line' id='line_1_36' title="bbox 753 4330 1266 4391; baseline 0.006 -3"><span class='ocrx_word' id='word_1_233' title='bbox 753 4330 824 4390; x_wconf 85' lang='grc'><strong>100.</strong></span> <span class='ocrx_word' id='word_1_234' title='bbox 1197 4331 1266 4391; x_wconf 90' lang='grc'><strong>100.</strong></span> 
     </span>
    </p>
   </div>
   <div class='ocr_carea' id='block_1_7' title="bbox 0 0 1627 4932">
    <p class='ocr_par' dir='ltr' id='par_1_11' title="bbox 0 0 1627 4932">
     <span class='ocr_line' id='line_1_37' title="bbox 0 0 1627 4932; baseline 0 0"><span class='ocrx_word' id='word_1_235' title='bbox 0 0 1627 4932; x_wconf 95' lang='lat' dir='ltr'><strong> </strong></span> 
     </span>
    </p>
   </div>
  </div>
 </body>
</html>
