3274 4934
636 373 848 436 -57-

173 586 205 630 v.
229 566 365 647 ro-ta,
384 562 439 647 qui
460 582 524 628 una
547 581 617 628 oum
641 568 749 627 nostro
771 560 891 627 inoisus
907 564 967 644 est,
986 561 1069 626 alter
1093 581 1124 628 a.
1149 565 1217 645 177,
1233 561 1316 627 alter

176 671 239 732 314
256 691 289 754 p.
308 667 345 732 0.
379 666 491 732 Sereni
512 665 641 730 titulum
662 664 816 750 seriptum
832 683 904 730 esse
919 664 1127 748 collegerunt.
1161 665 1229 729 larn
1245 684 1315 729 oum

176 794 209 837 v.
229 771 344 836 onihil
367 770 469 835 fuisso
492 768 532 835 de
555 768 682 834 inviotis
697 768 942 854 imperatoribus
964 773 1105 851 oonstet,
1135 785 1238 833 annus
1259 768 1316 832 ille

177 875 302 940 XXXI.
321 872 363 940 ad
386 874 565 957 Augustum
588 871 718 938 videtur
740 871 851 936 referri
870 891 966 956 posse
994 873 1019 954 (t
1039 892 1071 955 p.
1090 871 1156 954 0.).
1174 909 1217 917 -
1238 873 1277 936 V.
1296 874 1315 934 7

178 977 370 1043 Letronuius
386 977 470 1041 male
486 975 642 1041 restituit:
660 979 792 1040 θνσιὼν
810 979 1001 1059 γενομένων
1023 972 1212 1056 ἐμείναμεν.
1238 975 1318 1039 Par-

176 1082 288 1165 tleipia
312 1075 440 1156 ἑκόντες
462 1085 495 1145 et
521 1075 676 1161 δεόμενοι
698 1078 790 1162 quasi
812 1079 985 1162 praecedat
1007 1075 1072 1162 ἐγὼ
1093 1083 1238 1164 Σερῆνος
1260 1077 1317 1141 καὶ

178 1186 286 1272 Φῆλιξ
301 1183 343 1250 ad
359 1203 490 1249 sensum
505 1190 686 1248 eonstruotn
702 1189 786 1248 sunt.

663 1437 830 1506 XXXIV.

401 1594 535 1676 Hymni
557 1593 675 1660 Talmi
703 1593 922 1680 (Kolobselel)
949 1595 1096 1677 raperti.

266 1769 373 1836 Talori
387 1769 420 1834 in
436 1768 556 1854 oppido
572 1769 656 1836 ultra
663 1769 774 1844 Philas
789 1767 927 1836 insulam
941 1767 976 1834 in
991 1768 1163 1854 Aethiopia
1178 1769 1240 1834 sito
1254 1770 1319 1834 Ro-
1404 1842 1407 1850 Ι

180 1895 345 1944 manorum
361 1879 467 1941 aetate
483 1893 634 1956 magnum
657 1873 811 1958 templum
827 1872 947 1940 exstrui
963 1879 1113 1957 oosptum
1128 1893 1233 1956 usque
1249 1894 1321 1938 urn-

180 2000 277 2063 quanr
293 1977 475 2044 absolutum
491 1983 550 2042 ost.
584 1978 682 2042 Teste
698 1977 845 2061 Lepsio¹l
871 1976 905 2040 in
925 1976 1186 2061 inscriptionibus
1212 1976 1320 2043 hiero-

181 2079 345 2166 glyphiois
370 2100 433 2146 non
453 2079 615 2146 invenitur
636 2079 698 2143 nisi
713 2078 852 2161 Augusti
875 2098 1006 2158 nomem
1032 2078 1104 2163 ipse
1121 2085 1229 2144 tamen
1244 2079 1320 2146 iude

180 2183 341 2266 imagines
362 2181 564 2266 reportavit²l
591 2181 709 2264 quibos
738 2183 834 2248 etiam
861 2181 1020 2248 Traianus
1049 2181 1223 2266 imperator
1251 2182 1321 2248 deis

182 2307 276 2354 saera
298 2286 420 2352 faciens
443 2292 712 2369 repraesentatur.
753 2286 829 2368 Ipse
852 2285 933 2350 deus
964 2286 1016 2352 oui
1045 2287 1199 2370 templum
1230 2285 1321 2352 dioa-

182 2397 250 2458 tom
273 2397 342 2456 erat
363 2390 397 2454 in
417 2389 679 2474 inscriptionibus
701 2388 863 2473 aegyptiis
878 2390 997 2469 Most,
1026 2391 1157 2470 Mertul,
1176 2391 1316 2471 Merrrul,

183 2495 336 2578 Messall
358 2499 489 2558 vooatur
505 2499 537 2560 et
552 2492 644 2558 fortis
658 2499 756 2574 atque
783 2499 896 2577 potens
915 2493 1039 2558 Talmis
1062 2493 1211 2560 dominus
1227 2513 1322 2576 prae-

184 2598 325 2672 dicatur,
351 2596 405 2678 qul
428 2595 505 2660 Hori
527 2595 612 2660 lilius
635 2595 780 2662 radiosus
799 2595 940 2662 exoritur
955 2596 987 2660 in
1003 2595 1134 2662 oriente.
1168 2597 1272 2679 Atque
1288 2603 1323 2661 ut

186 2701 270 2766 duae
285 2697 364 2763 llori
380 2697 501 2762 formae
516 2698 558 2762 ab
574 2698 744 2782 Aegyptiis
767 2699 955 2764 colebantur
973 2699 1079 2764 Horus
1100 2705 1133 2766 et
1146 2699 1252 2764 Horus
1272 2699 1324 2764 in-

184 2803 258 2870 tans
277 2802 345 2884 (hor
356 2824 398 2884 με
413 2801 505 2865 obtat
526 2801 549 2866 i.
568 2822 598 2868 e.
617 2802 855 2887 Harmatos),
875 2801 922 2866 ita
945 2809 1072 2886 praeter
1087 2800 1183 2868 deum
1201 2803 1323 2868 lllentul

184 2910 282 2976 etiarn
298 2908 419 2974 Mentul
435 2905 542 2972 iulans
557 2907 664 2972 Talmi
679 2908 863 2974 nominatur
879 2913 911 2974 et
926 2907 1037 2990 figuris
1052 2915 1319 2994 repraesentatur.

187 3015 256 3080 Deo
271 3019 379 3078 autem
395 3012 547 3096 aegyptio
558 3013 643 3078 Horo
660 3019 842 3098 comparato
858 3020 993 3097 apparet
1007 3014 1225 3098 aethiopicum
1233 3015 1325 3079 Men-

185 3117 234 3182 tul
247 3115 354 3180 Solent
370 3135 453 3196 esse,
472 3133 567 3196 quem
582 3116 624 3180 ab
631 3115 844 3200 Aethiopibus
858 3136 932 3182 oum
941 3117 1032 3182 Luna
1048 3123 1080 3182 et
1094 3117 1250 3202 Dionysio
1266 3138 1326 3201 pa-

186 3220 282 3284 trium
298 3218 394 3284 deum
411 3217 470 3282 ooli
488 3218 680 3284 Heliodorus
695 3219 793 3286 refert
812 3225 859 3300 lb,
881 3223 911 3284 2.

275 3321 525 3405 Prosbynemata
537 3342 655 3404 graeca
668 3323 702 3386 in
717 3323 831 3408 templi
846 3323 1022 3406 parietibus
1034 3323 1188 3407 inscripta
1195 3327 1216 3407 ⁴)
1233 3323 1326 3389 arni-

190 3423 462 3500 litibusltomanis
478 3423 572 3490 deum
585 3423 703 3489 Mand
713 3425 799 3490 olin
815 3425 1003 3507 colentibus,
1024 3433 1178 3508 quantum
1195 3447 1234 3492 ex
1250 3427 1326 3492 anni

189 3527 273 3595 notis
283 3525 409 3592 'auditis
425 3547 616 3610 cognoscere
632 3527 717 3608 lieet,
733 3529 818 3593 intra
829 3549 860 3594 a.
872 3531 1019 3593 81—248
1037 3551 1068 3615 p.
1080 3531 1115 3598 C.
1127 3531 1228 3596 ineisa
1238 3537 1324 3597 sunt.

188 3633 333 3717 Hymnus
348 3636 456 3694 autern
470 3637 536 3696 tres
552 3630 607 3713 qui
622 3639 798 3714 sequuntur
813 3633 853 3697 ab
870 3632 1040 3716 Aegyptiis
1056 3641 1225 3718 oonoeptos
1241 3653 1324 3717 esse,

188 3757 260 3802 oum
283 3741 446 3800 auotorunr
469 3735 599 3799 nomina
620 3755 682 3799 non
704 3736 938 3814 adscribantur,
964 3736 1091 3802 dicendi
1115 3745 1148 3803 st
1166 3738 1328 3804 scribendi
1398 3727 1402 3734 ’

261 3959 278 4022 ¹)
299 3973 325 4011 v.
341 3958 438 4029 Brrbse
449 3975 498 4011 out
510 3960 650 4030 Aegypton
668 3975 695 4027 p.
711 3959 770 4010 263.
791 3957 827 4012 cf.
843 3959 1011 4012 Dasmobr
1023 3958 1062 4014 1v
1075 3960 1134 4014 tub.
1150 3959 1215 4013 111.
1230 3976 1256 4028 g.

258 4045 277 4108 ²)
297 4043 341 4099 lb.
355 4045 396 4100 IV
413 4045 471 4100 tab.
486 4047 529 4096 84.

260 4131 279 4195 ³)
300 4130 523 4195 Cl.Wllkinson,
542 4131 673 4186 Mannsrs
686 4131 741 4185 aad
754 4131 872 4184 casamo
891 4131 946 4186 vol.
962 4131 1000 4185 ll.
1016 4149 1043 4202 p.
1054 4135 1098 4183 35.
1118 4133 1237 4187 London
1253 4135 1326 4185 1841.

258 4219 278 4282 ⁴)
300 4219 332 4274 Ο.
347 4218 369 4271 1.
384 4219 417 4276 G.
432 4217 475 4272 lll
491 4218 801 4286 5039-720011.Lops.
815 4217 855 4270 VI
869 4217 927 4272 tab.
942 4221 975 4269 95
988 4219 1036 4274 Gr.
1051 4219 1197 4282 stt-ew,
1221 4219 1280 4274 tab.
1296 4221 1327 4270 at

189 4307 236 4361 er.
252 4307 396 4358 raa-ror.
424 4304 647 4374 o,1.n.111¹p.
665 4307 695 4358 ro
707 4324 735 4360 n.
751 4307 792 4356 rr.
808 4303 850 4356 rs.

1089 4408 1122 4460 5}
