3248 4928
318 405 359 470 ii'l
752 447 775 453 --
840 409 926 490 ilbi}
973 447 1014 453 -

317 595 455 684 πρώιον
468 599 604 680 βιβλίου
618 597 789 664 emendare
804 597 1060 683 potuitEudccia
1075 619 1132 684 pro
1151 605 1288 682 πρῶτον
1303 599 1451 679 βιβλίον,

316 701 419 786 siguis
440 726 462 768 ι
482 709 516 767 et
537 727 558 766 v
579 703 756 768 litterarum
778 701 919 768 mutatis.

403 805 441 870 Ρ.
465 809 528 870 357
558 807 637 890 περὶ
667 803 894 890 Πεισάνδρου.
942 799 1088 892 {putaris
1117 811 1313 890 θεογαμιῶν
1341 805 1448 875 Suid..

317 903 469 996 ἡρωϊκῶν
482 915 615 994 &coyata
625 914 698 974 ἰων
719 909 801 974 Eud.
837 909 885 974 Ac
902 913 1117 994 θεογαμίων
1130 909 1261 993 quidem
1276 929 1348 976 cum
1362 915 1452 975 textu

316 1013 461 1095 vulgato,
489 1007 640 1100 ἡρωικῶν
661 1020 770 1078 autern
790 1012 901 1079 scribit
914 1011 1068 1094 Eudocia,
1094 1012 1181 1096 quod
1202 1013 1284 1078 baec
1305 1033 1367 1078 ror
1386 1013 1452 1077 uss

317 1117 478 1184 tutissima
500 1125 560 1198 cst,
585 1118 677 1183 illam
701 1111 846 1204 ἡραῖκῶν
866 1117 995 1184 omniuo
1016 1137 1080 1182 uon
1101 1137 1157 1182 nor
1164 1117 1200 1182 it.

404 1220 504 1287 Addit
531 1221 583 1286 bis
611 1221 713 1287 Flacb
742 1221 783 1286 dc
811 1221 942 1306 Hippyc
970 1221 1117 1305 Rhegiuo
1144 1221 1289 1306 glossam
1317 1243 1351 1306 p.
1375 1225 1448 1284 tlt.

316 1325 432 1391 llclins
455 1325 541 1390 cuim
562 1324 607 1390 ibi
629 1326 671 1391 ab
693 1325 837 1392 Eudocia
860 1318 1125 1410 ἀρχαιολογικῶν
1145 1326 1259 1406 musti,
1285 1345 1358 1392 enm
1377 1325 1452 1389 Sui-

319 1427 381 1494 dac
404 1428 477 1494 libri
505 1427 618 1513 optimi
647 1421 848 1512 Ἀργολικιῖιι
876 1430 1063 1513 praebeant.
1111 1429 1153 1494 At
1181 1428 1332 1496 confluxit
1360 1449 1450 1493 suam

319 1533 489 1598 lectionem
511 1531 657 1598 Eudocia
685 1553 706 1598 c
734 1532 868 1616 vulgata
890 1527 1117 1618 ἇργολογικιῖιν
1145 1532 1234 1598 facili
1263 1553 1323 1599 nec
1344 1541 1451 1598 tamen

319 1636 477 1721 probabili
502 1635 696 1703 coniectura.
736 1629 1009 1721 Ἀρχαιολογικός
1037 1635 1123 1702 enim
1153 1657 1215 1704 vox
1245 1643 1294 1702 cst
1323 1637 1451 1702 serioris

318 1739 522 1822 Graecitatis,
548 1759 643 1822 quam
665 1739 787 1825 primus
801 1741 969 1824 usurpavit
983 1740 1106 1806 Strabo.
1146 1733 1324 1824 Ἀργολικά
1345 1747 1451 1806 autem

319 1851 354 1910 ut
375 1843 495 1929 Hippyi
525 1843 694 1927 aptissima
714 1851 802 1910 recte
824 1863 865 1910 ex
887 1844 1016 1929 optimis
1039 1843 1130 1909 libris
1151 1844 1358 1910 restituerunt
1378 1843 1452 1908 Sui·

319 1947 380 2013 dae
403 1946 556 2013 Gaisford
578 1954 610 2012 et
632 1946 831 2034 Bembardy.
879 1947 1012 2015 Accedit
1041 1947 1125 2030 quod
1156 1947 1269 2014 codem
1290 1947 1324 2013 iu
1345 1949 1451 2032 capite

319 2052 419 2118 verba
440 2051 642 2137 ineptissima
665 2041 763 2128 οὗτος
786 2059 919 2138 πρῶτος
938 2090 979 2100 -
994 2053 1051 2116 καὶ
1074 2047 1161 2115 ἄλλα
1182 2073 1201 2118 e
1223 2051 1389 2136 superiore
1411 2051 1451 2117 de

319 2155 518 2241 Hipponacte
539 2156 650 2240 glossa
671 2177 692 2222 a
710 2155 831 2224 Suidac
853 2157 992 2222 librariis
1014 2156 1211 2240 interpolata
1232 2154 1374 2222 Eudocia
1395 2155 1453 2222 dc-

318 2261 457 2327 scribcre
479 2279 542 2326 nou
564 2259 699 2326 dubitat.

404 2363 454 2430 De
476 2363 660 2450 Pythagora
682 2371 716 2430 et
737 2364 778 2430 de
801 2363 884 2430 Ruso
905 2383 1002 2450 supra
1024 2384 1056 2449 p.
1083 2367 1123 2429 88
1146 2363 1291 2448 exposui.

404 2467 440 2532 P.
467 2469 529 2531 428
553 2468 831 2554 uepitbpvleov.
864 2463 1004 2552 σάτυροι
1025 2465 1138 2532 tabula
1158 2486 1179 2530 a
1198 2465 1300 2532 Suida
1321 2467 1373 2532 bis
1393 2487 1453 2532 no-

318 2572 474 2654 minatur,
506 2572 548 2638 ab
571 2571 715 2638 Eudocia
744 2571 845 2637 semel
876 2570 1043 2636 breuitatis
1071 2569 1188 2637 studio.
1232 2568 1237 2654 Ι
1279 2571 1315 2634 lu
1339 2569 1451 2635 eadem

317 2676 428 2760 glossa
449 2675 509 2742 boc
530 2696 656 2759 qnoque
677 2675 885 2742 memorabile
908 2682 971 2740 cst:
1014 2679 1160 2739 Δίκαιοι.
1190 2677 1336 2760 Πέρσαι.
1367 2671 1451 2740 Σύν-

319 2785 429 2844 θωκοι
450 2779 594 2846 Eudocia
615 2799 687 2844 cum
709 2777 784 2843 ald.
810 2779 886 2844 Bas.
912 2779 1000 2846 solis.
1048 2779 1132 2844 Nam
1160 2779 1234 2846 libri
1265 2787 1299 2846 et
1319 2778 1450 2845 Medici.

320 2887 468 2962 Δίκαιοι,
495 2877 513 2968 ἢ
535 2886 678 2968 Πέρσαι,
708 2876 928 2969 lutosum
949 2883 1114 2969 praebent.

408 3091 515 3158 Pauca
542 3090 620 3156 mibi
649 3089 800 3158 addenda
829 3098 903 3158 sunt
930 3089 970 3157 de
1000 3091 1047 3158 eis
1076 3110 1160 3174 quac
1182 3091 1281 3156 Flacb
1311 3089 1455 3176 disputat

320 3219 353 3282 p.
374 3199 410 3260 71
430 3215 478 3279 sq.
518 3194 714 3280 Hesychium
737 3194 832 3278 enim,
858 3215 921 3262 uon
939 3194 1075 3262 'Suidam
1097 3195 1139 3260 ab
1161 3193 1307 3260 Eudocia
1328 3194 1454 3279 excrip-

321 3307 388 3366 tum
417 3317 490 3366 csse
519 3319 557 3366 eo
586 3319 712 3382 quoqne
736 3299 948 3365 demonstrari
970 3299 1134 3384 opinatur,
1169 3297 1254 3382 qnod
1283 3297 1363 3364 vitia
1388 3297 1455 3362 Ilu-

321 3402 432 3470 dociac
461 3423 524 3469 non
546 3422 650 3487 pauca
672 3423 712 3470 ex
735 3403 916 3470 uncialibus
938 3402 1053 3470 litteris
1076 3403 1161 3469 male
1183 3402 1356 3468 intellectis
1378 3409 1454 3468 nata

320 3527 391 3573 esse
414 3506 599 3589 videantur,
630 3507 747 3591 quibus
767 3526 831 3572 nou
854 3507 990 3590 Suidas,
1024 3505 1082 3572 sed
1104 3506 1287 3590 Hesychius
1308 3505 1455 3572 Milesius

320 3629 398 3677 ustus
420 3611 471 3677 sit.
519 3611 678 3695 Exempla
705 3609 825 3696 profert
852 3630 956 3696 pauca
984 3631 1087 3694 eaque
1109 3630 1172 3675 non
1195 3629 1213 3676 s
1235 3609 1453 3694 biograpbicis

319 3714 420 3780 solum
444 3715 571 3798 glossis,
599 3714 658 3780 scd
680 3734 698 3781 c
720 3721 785 3780 toto
807 3715 941 3780 violatio
963 3714 1108 3782 collecta.
1146 3712 1212 3778 Sed
1235 3733 1296 3778 uno
1320 3721 1453 3797 excepto

321 3811 515 3905 αὐὸηιικόν
536 3841 568 3904 p.
592 3823 662 3900 105,
689 3839 760 3886 cum
783 3824 870 3885 recte
892 3818 1012 3885 babeat
1032 3815 1232 3884 Pbuvonuus
1254 3837 1286 3900 p.
1307 3821 1370 3882 450
1393 3809 1454 3882 ab·

320 3919 472 4009 ληιικὸν,
507 3922 614 3988 omnia
643 3922 700 3988 illa
727 3923 761 3988 iu
789 3921 931 3988 fontibus
960 3921 1083 3988 invenit
1110 3919 1265 3986 Eudocia.
1319 3919 1454 3986 Omnino

319 4026 442 4092 nullum
476 4025 588 4092 habuit
616 4026 768 4092 falsarius
798 4027 919 4093 fontem
951 4025 1131 4091 uncialibus
1159 4023 1273 4092 littcn‘s
1302 4023 1453 4109 scriptum

319 4129 437 4220 nedum
468 4130 501 4194 in
530 4129 758 4215 biograpbicis.
806 4131 906 4194 Immo
936 4149 954 4195 c
983 4127 1171 4193 minusculis
1199 4127 1316 4192 litteris
1345 4134 1453 4192 natum

319 4233 431 4298 vitium
462 4232 495 4296 in
524 4233 590 4297 vita
620 4232 771 4298 Domniui
805 4235 847 4317 (p.
877 4235 945 4314 138}
981 4239 1089 4298 servat
1117 4230 1217 4297 codex
1246 4227 1452 4313 ὁαμάαιιιιις.

323 4335 416 4417 Quod
446 4334 595 4402 mendum
627 4356 666 4402 er
689 4335 827 4406 Aldinae
856 4337 1007 4404 editionis
1036 4343 1069 4404 et
1090 4334 1210 4406 Suidae
1237 4335 1382 4404 codicum
1405 4354 1456 4402 re-
