3238 4930
738 459 831 546 [rvr]
1311 469 1352 530 ss

181 683 184 689 ·
216 654 417 721 aecusativus
446 651 636 718 substantivi
666 651 778 730 κτύπος
808 660 840 719 et
869 655 1034 739 genetivus
1057 653 1205 736 ἁρμάτων
1227 657 1267 721 eb
1290 659 1352 722 hoo

214 757 378 844 pendens„
403 756 493 832 Quae
516 757 699 821 coniectura
715 779 753 821 eo
770 757 1019 840 commendatur,
1036 758 1121 844 quod
1139 760 1234 825 etiam
1250 761 1350 826 altero

215 860 358 926 eiusdem
381 859 512 925 fabulae
533 861 605 925 loeo
623 845 763 926 verbum
786 858 901 939 κτάνος
924 882 996 926 oum
1019 863 1166 944 genetivo
1194 864 1225 927 in
1257 867 1350 930 unius

215 965 304 1030 verbi
333 985 450 1052 eorpus
480 964 745 1050 comprehensum
776 965 908 1030 exhibet
937 965 1050 1049 eudes,
1073 986 1102 1031 v.
1127 967 1178 1044 83,
1209 968 1264 1032 ubi
1292 991 1349 1055 pro

214 1066 317 1134 ὅπλων
338 1067 450 1147 κτύπος
473 1071 589 1156 legitur
610 1066 821 1147 οττλοκτάντος.1

318 1173 369 1239 Ab
393 1170 503 1255 ὄτοβον
528 1175 674 1260 suspicor
695 1175 832 1239 alterum
853 1175 1038 1258 genetivum
1059 1175 1259 1261 pependisse,
1288 1178 1350 1242 lor·

214 1285 299 1344 tasse
321 1278 468 1343 vocabuli
491 1275 562 1363 ὅχος
584 1280 768 1364 genetivum
791 1279 883 1366 plur,
908 1287 943 1344 ut
965 1278 1045 1344 haee
1060 1280 1129 1346 iere
1145 1280 1239 1346 luerit
1253 1281 1349 1347 lectio

215 1385 353 1470 genuina
376 1405 502 1448 versus:

340 1485 518 1572 (ἁκούῖσασα
541 1485 594 1552 adv
616 1484 777 1571 ἁρμάτων)
799 1485 912 1552 κτύπον
935 1485 1021 1572 άχων
1043 1488 1070 1552 τ’
1092 1485 1210 1572 ὄτοβον.

318 1591 402 1658 Sane
424 1593 581 1658 voeabula
603 1591 687 1674 ἁρμο
710 1601 743 1659 et
767 1589 840 1676 ὄχος
854 1613 918 1657 non
933 1593 1067 1658 eandem
1082 1615 1212 1678 prorsus
1231 1593 1348 1657 hebere

215 1699 276 1762 viru
298 1719 403 1782 neque
426 1698 636 1782 tautologiam
660 1697 828 1762 molestam
850 1697 981 1762 inlatam
1004 1697 1130 1788 anobis
1146 1720 1216 1763 esse
1233 1697 1349 1762 dooere

214 1801 290 1866 mihi
313 1801 466 1885 videntur
485 1803 630 1866 nonnulli
651 1802 714 1867 loci
729 1801 903 1886 Euripidei‚
925 1801 957 1866 in
981 1801 1095 1887 quibus
1116 1803 1160 1866 ita
1181 1807 1256 1866 sunt
1275 1821 1349 1866 oon·

213 1906 323 1971 iunota
352 1905 432 1972 lraso
461 1908 575 1988 verba,
605 1913 640 1971 ut
666 1908 833 1993 genetivus
863 1905 1010 1990 ἁρμάτων
1039 1908 1179 1993 pendeat
1209 1907 1250 1970 ab
1278 1903 1349 1989 ὄχος

213 2010 280 2076 sive
302 2009 387 2096 quod
409 2011 495 2077 idem
517 2010 584 2076 fere
606 2011 772 2097 signifieat,
796 2009 916 2096 άχημοε

213 2111 290 2180 Eur.
314 2115 426 2201 Suppl.
450 2117 512 2182 662
771 2113 914 2198 ἁρμάτων
937 2115 1110 2202 δ’ὀχήμοτο

550 2217 660 2303 ἔνερθε
683 2227 803 2303 σεμνῶν
820 2218 991 2304 μνημάτων
1008 2221 1176 2308 Ἀμφίονος.
1200 2227 1233 2286 et
1249 2219 1348 2306 Hipp.

217 2327 298 2389 1166
323 2325 428 2402 οἰκεῖος
451 2321 545 2390 αύτόν
567 2322 656 2390 τάλεύ
678 2323 827 2406 ἁρμάτων
850 2322 931 2408 άχος.
975 2325 1145 2412 Flmphesis
1175 2326 1268 2407 enim,
1290 2347 1349 2411 per

215 2449 311 2515 quam
333 2434 408 2494 sunt
431 2430 484 2515 qui
507 2430 704 2515 pleonastioe
734 2430 795 2494 hoe
824 2452 895 2496 esse
925 2431 1044 2495 dietum
1073 2431 1188 2514 velint,
1220 2431 1347 2496 omnino

214 2533 366 2599 abhorret
389 2533 429 2597 eb
451 2532 500 2598 his
522 2535 610 2614 loeis,
634 2555 769 2620 quorum
792 2535 898 2620 priore
920 2534 1051 2600 nuntius
1074 2535 1232 2600 exereitus
1249 2535 1348 2600 aciem

214 2636 374 2721 describit,
398 2638 499 2702 altero
522 2639 653 2703 nuntius
672 2637 798 2704 Theseo
821 2639 1040 2724 interroganti,
1063 2659 1127 2724 quo
1149 2639 1244 2704 modo
1267 2637 1349 2724 Hip·

213 2742 344 2829 polytus
366 2742 530 2825 interierit,
553 2742 733 2828 respondet.
771 2741 834 2808 Hie
855 2742 945 2808 loeus
966 2742 1103 2809 fortasse
1116 2743 1234 2808 indieat
1248 2743 1346 2809 verbo

213 2843 286 2929 άχος
308 2847 437 2932 proprie
458 2867 523 2910 non
545 2853 611 2912 tarn
635 2867 771 2927 currum,
795 2868 889 2932 quam
912 2868 1010 2933 equos
1034 2847 1150 2913 raedae
1181 2848 1347 2914 adiunctos

216 2951 394 3036 significari.
429 2949 489 3016 His
506 2951 598 3031 enirn,
614 2973 677 3016 non
696 2952 801 3015 currui
817 2958 953 3018 mortem
972 2953 1142 3039 Hippolyti
1161 2952 1349 3038 Euripidem

212 3055 245 3119 in
269 3055 394 3140 eulpam
418 3063 605 3122 convertere
628 3055 766 3120 voluisse
788 3064 922 3143 apparet
945 3064 978 3123 et
1001 3078 1018 3118 e
1041 3057 1142 3123 nuntii
1164 3059 1347 3124 narratione

214 3166 309 3226 etex
333 3160 381 3224 bis
404 3157 573 3246 Hippolyti
596 3160 776 3225 moribundi
798 3160 904 3226 verbis
929 3159 1062 3244 (1240):
1092 3160 1190 3246 στῆτ’,
1219 3155 1245 3225 ὦ
1267 3161 1347 3247 φάτ-

214 3288 293 3328 vuius
322 3272 389 3340 ταῖς
418 3265 505 3344 ἐμαῖς
535 3261 762 3348 τεθραμμέναι,
790 3261 835 3348 μὴ
866 3262 1086 3349 μ’ἐξαλείψητ’.
1131 3264 1225 3330 Hane
1247 3265 1346 3332 fuisse

214 3367 376 3452 propriam
399 3366 488 3434 verbi
510 3364 583 3451 άχος
606 3369 767 3434 notionem
791 3369 978 3434 confirmare
1001 3368 1126 3434 videtur
1154 3369 1252 3453 loeus,
1282 3390 1345 3454 quo

213 3469 360 3554 ἁρμάτων
383 3467 454 3555 άχος
484 3472 687 3536 coniunctum
716 3471 833 3556 legitur
862 3493 932 3536 oum
956 3470 1131 3554 ἐξελαύνειν,
1161 3471 1247 3557 quod
1277 3473 1346 3540 sine

214 3575 312 3640 dubio
336 3577 443 3661 aptius
465 3575 505 3642 de
528 3576 617 3662 equis
647 3597 743 3662 quam
772 3575 813 3643 de
836 3597 931 3641 aurru
962 3575 1085 3658 dieitur,
1114 3574 1191 3642 Eur.
1220 3577 1345 3644 Phoen.

216 3683 299 3745 1190
322 3677 436 3757 ἰδόντες
458 3677 621 3764 ἐξήλαυνον
642 3677 785 3761 ἁρμάτων
807 3677 909 3765 άχοος.
955 3681 1026 3755 Quo
1051 3703 1145 3747 sensu
1168 3679 1254 3745 haud
1281 3683 1346 3746 scio

214 3804 253 3848 an
276 3789 391 3870 poetae
414 3784 546 3849 verbum
569 3805 634 3850 non
664 3787 896 3870 usurpaverint,
926 3785 985 3850 nisi
1014 3784 1069 3850 ubi
1098 3805 1170 3849 eum
1198 3785 1345 3871 genetivo

318 4082 327 4117 ¹
345 4079 425 4143 Quod
444 4077 566 4133 Dindorl
580 4080 608 4134 in
627 4085 700 4148 post.
712 4095 786 4134 soen.
800 4081 967 4134 Graeoorum
981 4079 1100 4132 editione
1110 4080 1221 4134 notavit
1233 4080 1347 4146 primam

215 4183 323 4221 manum
341 4168 503 4236 imposuisse
521 4168 605 4220 verbo
623 4167 820 4237 ἅρματοντυνιον
838 4171 981 4220 noeentum
999 4167 1027 4218 in
1044 4167 1210 4232 paenultima
1227 4167 1345 4234 syllaba,

214 4253 243 4306 id
262 4255 360 4307 falsum
380 4253 488 4307 videtur
507 4268 576 4320 esse,
595 4270 654 4306 eum
674 4259 700 4307 et
718 4255 746 4306 in
767 4257 925 4322 apographo
944 4252 1106 4306 ellerlrelio
1126 4253 1252 4305 eonfaoto
1272 4257 1300 4306 et
1318 4255 1345 4306 in

215 4339 343 4394 editionis
356 4339 563 4394 Ritsoheliauae
577 4341 752 4394 adnotatione
767 4341 862 4395 oritioa
876 4340 1038 4394 voeabulum
1051 4341 1162 4409 legatur
1175 4356 1345 4408 proparoxy-

213 4430 307 4480 tonos.
