3226 4932
297 415 355 478 ιο)
729 453 769 462 -
819 415 904 500 [aco]
950 453 994 462 -

381 603 610 689 stlllvtt
640 605 769 690 (11190)
822 606 1316 671 ...ψυῶν-Ἢν...

461 705 563 774 aad
582 713 600 772 5
623 709 661 791 (6)
688 709 753 794 (επ.
773 706 796 774 ε’
816 714 834 774 5
856 710 910 795 (6))

504 863 510 876 .
532 862 539 876 .
561 863 568 876 .
587 809 808 898 πολυβούλῳ·
835 811 898 880 σὺν
916 807 1038 900 Ὀρσέᾳ
1062 813 1124 879 δέ.
1147 864 1154 878 .
1176 865 1183 878 .

297 917 442 1000 exceptio
467 915 612 1001 legitima
635 917 740 984 estin
762 919 890 986 nomine
913 917 1053 1003 proprio.

381 1019 534 1085 Carmina
555 1017 576 1084 I
598 1021 647 1086 III
669 1027 702 1086 ct
719 1023 763 1088 IV
786 1022 898 1088 eodem
921 1028 1021 1088 metro
1044 1028 1076 1087 et
1099 1020 1203 1087 eidem
1227 1022 1337 1087 victori
1362 1043 1442 1088 con-

296 1124 416 1209 scripta
430 1125 634 1190 Hermannus
657 1131 689 1191 et
704 1126 887 1192 Boeckhius
910 1127 944 1191 in
965 1146 1063 1191 unum
1087 1126 1331 1208 coniunxerunt,
1357 1147 1441 1208 quos

296 1247 337 1292 ex
359 1227 589 1293 recentioribus
612 1249 695 1294 unus
710 1230 871 1313 Bergkius
895 1250 957 1295 non
980 1237 1110 1295 secutus
1134 1236 1184 1295 est
1205 1228 1246 1295 de
1269 1230 1376 1295 causis
1396 1251 1439 1294 cx

296 1331 457 1396 sententia
487 1337 519 1396 ct
541 1339 731 1414 argumento
755 1333 920 1418 utriusque
943 1333 1094 1398 carminis
1117 1333 1264 1419 sumptis.
1311 1332 1439 1411 Quibus

296 1435 403 1501 causis
426 1435 550 1500 ratione
572 1435 684 1501 habita
706 1458 815 1504 eorum
837 1457 918 1521 quos
940 1437 1140 1503 enotavimus
1170 1439 1310 1503 locorum
1336 1457 1438 1503 causa

296 1559 336 1604 ex
366 1538 468 1604 forma
497 1539 673 1604 carminum
703 1540 874 1627 desumpta
903 1540 1055 1607 addenda
1084 1548 1143 1606 est.
1194 1541 1278 1607 Nam
1308 1541 1334 1606 si
1364 1561 1439 1606 car-

298 1642 384 1706 mina
400 1642 641 1726 coniungantur,
664 1663 721 1708 sen
737 1645 816 1711 locis
837 1643 866 1728 (Ι
881 1646 926 1710 lV
941 1667 1012 1730 στρ.
1032 1640 1063 1708 α’
1084 1649 1097 1708 1
1123 1645 1206 1729 (bis),
1228 1648 1259 1728 2,
1279 1666 1333 1709 επ.
1353 1641 1383 1708 α’
1403 1648 1436 1711 2.

297 1749 315 1810 3
338 1747 392 1826 (l),
420 1752 437 1808 l
459 1747 514 1828 (5))
541 1747 748 1832 exceptiones
770 1747 957 1832 illegitimas
980 1747 1167 1830 habeamus,
1198 1747 1247 1812 siu
1270 1747 1438 1813 discerna-

296 1869 385 1932 mus,
418 1847 539 1916 nullam
575 1849 612 1931 (si
642 1849 771 1933 quidem
797 1857 883 1916 recte
906 1857 1055 1936 putamus
1078 1850 1097 1915 Ι
1119 1851 1164 1918 IV
1187 1855 1228 1914 57
1252 1850 1437 1937 πορθμοὺς

298 1946 487 2038 ἁμερώσαις
509 1953 684 2038 legendum
707 1955 806 2036 esse).
853 1955 988 2020 Mettum
1010 1953 1108 2038 igitur
1130 1953 1224 2020 docet
1246 1954 1267 2019 Ι
1286 1955 1330 2021 lV
1353 1962 1438 2020 stro-

296 2057 393 2142 pham
422 2057 556 2142 primam
587 2064 620 2123 et
649 2057 788 2142 epodum
817 2058 953 2142 primam
983 2064 1158 2142 systemate
1188 2057 1340 2124 carminis
1373 2059 1439 2123 ali-

296 2161 386 2225 cuius
419 2160 521 2244 primo
555 2160 719 2226 contineri.
769 2161 892 2226 Causas
926 2168 1049 2244 autem,
1087 2161 1202 2244 quibus
1237 2161 1439 2246 seiungendu

296 2283 367 2329 esse
389 2264 531 2328 carmina
554 2263 729 2346 evincatur,
756 2285 796 2330 ex
818 2272 1006 2348 argumento
1029 2265 1148 2349 petitas
1171 2264 1290 2349 optime
1305 2267 1441 2349 exponit

297 2367 473 2450 Bergkius3
506 2367 541 2431 in
571 2387 608 2432 eo
638 2367 706 2432 solo
736 2367 804 2433 viro
827 2367 1010 2434 doctissimo
1033 2367 1182 2434 assentiri
1205 2388 1268 2432 non
1290 2388 1436 2453 possum,

297 2469 380 2553 quod
403 2469 424 2534 I
445 2471 490 2535 IV
514 2491 585 2556 στρ.
609 2467 638 2533 α’
663 2469 788 2536 initium
812 2471 961 2536 carminis
984 2490 1056 2536 csse
1078 2491 1142 2536 non
1164 2489 1270 2557 posse,
1296 2471 1355 2537 sed
1377 2491 1441 2537 ex-

296 2575 414 2640 cidisse
437 2580 536 2639 totam
559 2573 692 2639 triadem
717 2574 853 2659 primam
883 2574 979 2656 dicit,
1011 2595 1101 2658 oum,
1134 2581 1169 2640 ut
1199 2573 1277 2640 mihi
1305 2573 1439 2658 quidem

296 2678 432 2761 videtur,
459 2697 587 2743 carmen
610 2677 718 2742 omnia
741 2677 911 2760 contineat,
939 2678 1076 2760 quaein
1099 2678 1236 2763 epinicia
1254 2679 1361 2744 inesse
1377 2677 1440 2745 de-

296 2782 409 2846 beant:
435 2801 550 2846 nornen
567 2781 695 2845 victoris
718 2801 749 2844 v.
768 2783 799 2862 2,
824 2781 924 2865 patris
947 2801 977 2846 v.
997 2788 1049 2863 lb,
1075 2782 1182 2866 gentis
1205 2803 1235 2847 v.
1255 2787 1284 2865 l,
1311 2783 1440 2867 patriae

297 2907 328 2950 v.
350 2889 378 2967 7,
407 2883 557 2948 victoriae
580 2885 685 2948 locum
710 2903 738 2946 v.
759 2886 788 2966 2,
815 2905 917 2967 genus
941 2906 972 2948 v.
991 2890 1042 2949 ll.
1087 2885 1206 2951 Contra
1228 2887 1310 2952 hene
1335 2887 1440 2970 Berg-

296 2989 370 3054 kius
400 2995 507 3052 monet
537 2987 569 3051 in
600 2994 732 3069 utroque
764 2987 904 3053 carmine
927 3009 990 3053 non
1012 2988 1053 3053 dc
1076 2987 1179 3054 isdem
1202 2989 1343 3056 victoriis
1366 2992 1436 3072 agi.

298 3092 390 3158 IllI
413 3091 497 3158 enim
521 3090 655 3156 victoria
677 3089 829 3172 Isthmia,
864 3089 904 3155 de
935 3092 1025 3156 cuius
1053 3111 1171 3176 genere
1199 3093 1280 3158 nihil
1305 3092 1435 3172 dicitur,

297 3203 329 3262 ct
351 3195 482 3261 victoria
504 3195 627 3259 Nemea
654 3192 887 3279 (ἱπποδρομίᾳ)
915 3196 1034 3260 curulis
1062 3203 1119 3262 aut
1146 3197 1303 3280 equestris
1332 3195 1440 3260 nomi-

296 3307 430 3382 nantur,
463 3297 482 3363 1
504 3299 549 3363 IV
572 3305 678 3364 autem
708 3297 844 3363 victoria*
870 3299 1025 3382 pancratii
1054 3301 1113 3382 (44)
1142 3307 1174 3366 et
1196 3307 1261 3366 tres
1282 3300 1439 3366 victoriae

297 3403 328 3467 in
346 3401 511 3468 lleracleis
533 3401 619 3467 ludis
642 3401 825 3466 domesticis
842 3401 1004 3468 Thebanis
1027 3409 1219 3488 reportatae.
1261 3405 1342 3470 Cum
1358 3425 1438 3486 vero

296 3507 429 3572 victoria
451 3505 651 3572 nobilissima
672 3505 797 3570 Nemea
819 3504 839 3569 I
861 3506 906 3570 IV
928 3527 991 3571 non
1014 3515 1293 3588 commemoretur,
1318 3507 1439 3590 proba-

296 3611 362 3676 bile
392 3617 441 3675 est
471 3610 562 3675 Illl
591 3616 664 3694 post
688 3609 706 3674 Ι
730 3610 773 3675 IV
804 3609 1013 3695 compositum
1038 3631 1121 3676 csse.
1169 3609 1350 3676 Verisimile
1374 3609 1440 3693 igi-

296 3720 347 3778 tur
377 3720 426 3778 cst
458 3713 642 3793 Melissum,
688 3712 776 3778 haud
812 3715 911 3778 multo
948 3721 1117 3800 postquam
1148 3713 1305 3798 receperit
1333 3712 1352 3777 1
1377 3714 1436 3794 lV,

295 3817 429 3883 victoria
450 3817 574 3883 Nemea
602 3817 692 3899 cquis
723 3823 885 3902 reportata
913 3818 1008 3882 huius
1039 3838 1164 3901 quoque
1187 3817 1338 3883 victoriae
1363 3819 1439 3884 lau-

296 3921 368 3986 dem
392 3943 412 3987 a
435 3921 574 3986 Pindaro
598 3921 669 3987 cani
694 3921 845 4004 voluisse,
872 3921 956 3987 hunc
980 3929 1088 3986 autern
1110 3922 1156 3987 ita
1177 3927 1300 3987 tantum
1324 3921 1354 3986 ci
1378 3923 1439 3987 ob-

295 4032 509 4110 temperasse,
543 4032 577 4092 ut
607 4025 739 4091 carmini
771 4025 834 4090 iarn
865 4026 1037 4109 composito
1068 4047 1185 4091 novum
1210 4031 1354 4110 systema
1377 4025 1440 4091 ad-

295 4128 394 4210 deret,
422 4129 507 4211 quod
531 4137 675 4194 cantores
699 4149 855 4194 unacum
881 4129 1019 4194 carmina
1038 4131 1070 4195 in
1087 4129 1249 4195 victoriam
1265 4130 1438 4196 Isthmiaur

294 4233 487 4318 composito,
519 4233 596 4316 quia
625 4233 738 4298 eodem
769 4239 869 4299 metro
893 4233 1108 4318 conscriptum
1132 4239 1232 4314 esset,
1267 4232 1356 4299 facili
1379 4256 1440 4300 ne-

294 4339 381 4420 gotio
404 4336 537 4406 recitare
561 4344 702 4424 possent.
750 4337 834 4404 Nam
858 4338 948 4405 metri
971 4337 1098 4424 quidem
1124 4357 1223 4402 causa
1244 4335 1265 4400 I
1288 4335 1338 4404 ΙΙΙ
1362 4339 1441 4408 ulti-
