3244 4932
651 489 863 554 „81-

192 709 290 771 φισμα
313 686 345 749 ἕν
367 677 394 773 ᾦ
418 681 530 748 κελτάιι
554 679 624 760 τούς
646 679 807 764 πρυτάνεις
831 717 870 728 -
894 678 1070 764 προγράψαι
1091 678 1145 746 driu
1167 681 1333 767 ἓκκλησιάς,

191 787 247 873 τήν
268 789 326 870 μὲν
348 796 390 878 τῇ
412 787 507 876 άγάόγγ
530 791 579 852 ἐπὶ
603 787 683 865 δέκα,
708 784 764 869 τήν
787 787 821 851 δὲ
845 792 886 874 τῇ
908 784 1002 874 ἕνάτγγ
1023 787 1072 850 ἐπὶ
1095 783 1175 850 δέκα.

295 893 454 979 Harpoer.
470 916 494 958 s.
507 911 536 956 v.
553 893 641 973 κυριά
657 891 799 973 ἐκκλησία
815 925 853 936 -
871 888 918 973 [oi
936 886 1115 972 πρυτάνιες)
1127 887 1333 975 προγράφουσι

190 997 235 1074 di,
259 1001 334 1082 φησί
358 996 587 1079 (Aristoteles),
610 998 660 1060 καὶ
683 994 791 1076 κυρίαν
812 993 979 1076 ἐκκλησίαν.
1322 1035 1324 1042 ·

295 1099 415 1185 [Dent]
439 1100 552 1166 XLIV
561 1102 618 1165 42:
640 1097 773 1184 η’βοαλὴ
790 1131 830 1144 -
847 1095 983 1161 ἐκέλευεν
998 1097 1201 1179 εἰσαγγιῖλλαν
1220 1121 1260 1178 με
1282 1101 1333 1161 καὶ

189 1203 261 1283 τούς
283 1203 441 1287 πρυτάνεις
464 1202 650 1291 προγράφειν
672 1203 761 1292 αάτρῖ
783 1200 840 1286 τὴν
862 1202 960 1282 κρίσιν
982 1203 1029 1266 ἐπὶ
1054 1200 1106 1266 tio
1131 1198 1256 1284 ἡμέρας.

294 1309 425 1374 CIAllr
450 1331 481 1373 n.
505 1311 585 1386 tls:
607 1305 749 1387 dlasrneiv
771 1307 807 1369 ts*
829 1307 879 1370 καὶ
901 1303 1091 1390 τάγκήρυ[κ1α
1115 1307 1169 1390 τῆς
1191 1302 1333 1391 plnusslrssg

189 1415 336 1496 παρΙεῖναι
353 1412 422 1491 τάΙς
436 1410 536 1495 α’ρχοῖς
553 1409 665 1487 τούτοις
681 1410 721 1486 εἷς
737 1407 795 1492 τὴν
810 1407 930 1493 ἡμέραν
946 1407 984 1491 ἢν
998 1407 1061 1486 dlv!
1079 1409 1333 1492 nlpsob'qoiqaoom

189 1515 217 1580 οἱ
240 1514 422 1600 πρυτάνεις.1

292 1621 406 1708 Neque
440 1627 548 1686 tamon
577 1619 652 1685 inde
682 1617 896 1703 colligendum
929 1638 969 1682 ex
999 1625 1168 1705 prytanum
1199 1619 1330 1683 arbitrio

190 1725 289 1790 luisse
317 1725 466 1790 materias
495 1725 528 1788 in
551 1729 789 1808 programmate
819 1721 1045 1807 proponendas
1079 1723 1198 1806 eligere
1229 1729 1262 1789 et
1291 1721 1331 1786 ad

189 1828 343 1914 populum
367 1827 501 1894 deferre.
546 1825 649 1890 Immo
673 1833 800 1891 onustat
829 1825 870 1890 de
899 1827 994 1890 rebus
1018 1825 1165 1890 omnibus
1199 1826 1230 1889 in
1254 1845 1330 1889 oon·

188 1931 328 1997 tionibus
352 1931 484 2017 agendis
508 1930 691 1996 antoniam
714 1929 926 1995 deliberatum
948 1928 1047 1993 luisse
1069 1928 1101 1992 in
1125 1935 1240 1993 senatu
1262 1929 1331 1992 uni·

188 2056 281 2100 verso
318 2057 377 2101 neo
418 2035 545 2100 licuisse
587 2033 626 2098 ad
667 2033 821 2120 populum
860 2033 944 2100 ferre
978 2033 1038 2098 nisi
1076 2019 1164 2119 quod
1205 2033 1330 2098 senatui

189 2139 372 2224 placuisset.

290 2241 389 2328 Atqui
417 2263 459 2308 ns
490 2243 521 2307 in
553 2247 666 2308 senatu
690 2241 818 2326 quidem
847 2239 958 2308 referri
981 2241 1194 2307 sententiasve
1224 2239 1329 2324 rogari

188 2346 247 2410 nisi
270 2345 311 2411 de
333 2345 429 2412 rebus
446 2347 478 2410 in
495 2351 731 2432 programmate
747 2345 917 2432 propositis
942 2345 1148 2431 oportebat²r
1173 2350 1210 2408 ut
1232 2343 1327 2428 siqui

187 2458 316 2514 senator
328 2450 529 2535 rogationem
540 2449 625 2515 terre
636 2450 734 2514 vellet
747 2449 776 2514 ei
788 2457 942 2532 prytaneo
954 2451 1043 2535 prius
1055 2447 1192 2514 adeundi
1209 2455 1327 2528 essent,

187 2551 239 2638 qui
265 2573 335 2618 eam
362 2553 591 2638 programmati
621 2553 744 2618 ooneilii
773 2553 968 2638 insequentis
998 2554 1182 2617 insererent.
1228 2552 1328 2615 Pras·

186 2662 275 2722 terea
297 2661 545 2721 consentaneum
569 2664 618 2722 est
632 2663 795 2743 prytanea,
812 2657 930 2742 quippe
953 2656 1006 2742 qui
1028 2655 1158 2740 negotia
1180 2675 1262 2740 quae
1285 2653 1325 2718 ad

188 2759 495 2826 administrationem
518 2761 706 2847 spectabant
738 2768 885 2824 curarent
909 2761 1015 2824 omnia
1039 2767 1071 2824 et
1094 2781 1135 2824 ex
1159 2757 1254 2824 offleii
1276 2777 1326 2821 ra·

185 2864 273 2929 tione
295 2863 335 2928 de
357 2863 452 2928 rebus
475 2864 622 2928 omnibus
638 2865 789 2928 osrtiores
812 2864 934 2940 tierent,
957 2863 1127 2948 plerasque
1143 2861 1327 2946 rogationes

187 2967 274 3052 ipsos
296 2987 361 3033 non
385 2967 605 3053 promulgasse
628 2968 733 3032 solum
756 2967 813 3032 sed
828 2987 1039 3054 praeparasse
1061 2974 1094 3032 et
1109 2965 1327 3053 proposuisse.

291 3069 389 3136 Haud
411 3093 484 3136 raro
515 3079 624 3138 autem
646 3071 766 3137 laetum
789 3078 838 3136 est
860 3077 896 3136 ut
918 3070 1057 3156 populns
1087 3071 1156 3156 ipse
1181 3075 1327 3136 senatum

186 3175 313 3242 iuberet
337 3197 434 3240 unam
455 3177 630 3241 alteramve
659 3195 724 3240 rem
749 3175 781 3239 in
803 3176 980 3261 rogationis
1009 3174 1142 3240 tonnam
1165 3172 1327 3240 redaetsm

186 3280 351 3365 proximae
374 3280 514 3345 eontioni
529 3299 725 3366 proponere:
747 3279 778 3344 id
805 3278 891 3367 quod
911 3279 1048 3343 formula
1072 3277 1245 3344 indicatur:
1268 3273 1327 3360 τὴν

185 3381 301 3467 βουλήν
320 3382 589 3467 προβουλεύσασαν
603 3386 764 3466 ἐξενεγκεῖν
786 3385 829 3461 εἷς
851 3381 906 3447 τόν
928 3387 1028 3466 δῆμον
1049 3382 1113 3465 [εἰς
1128 3381 1186 3467 τήν
1199 3377 1328 3464 πρώτην

289 3572 299 3610 ¹
324 3573 453 3627 (istorum
477 3573 573 3628 eadam
597 3589 648 3628 usu
666 3573 780 3627 veniunt
803 3575 832 3626 in
856 3571 965 3626 iudioiis
990 3588 1007 3624 ιι
1032 3569 1223 3624 thasmotlrstis
1241 3570 1322 3624 insti·

186 3659 305 3714 luendis·
341 3659 411 3712 Poll.
430 3659 500 3712 VIII
509 3659 558 3714 87:
583 3662 607 3714 nl
632 3665 791 3728 deopodr'rns
815 3655 985 3730 προγράφουσι
1008 3654 1073 3710 πότε
1098 3663 1139 3712 δεῖ
1165 3653 1274 3718 δικάζειν
1291 3655 1324 3710 τά

186 3745 335 3818 δικαστήρια.
361 3745 452 3800 Bohol.
471 3748 505 3800 ad
524 3747 595 3802 Plat
613 3743 730 3799 Phaedr.
749 3743 786 3813 (p.
805 3743 893 3811 rand)
913 3761 937 3812 p
956 3741 1040 3806 uuas
1052 3741 1146 3796 Turn:
1165 3741 1206 3806 (oi
1224 3749 1326 3812 θεομι-

185 3833 273 3894 thas)
297 3833 367 3904 εἶχον
391 3833 420 3886 dl
436 3833 549 3895 ὖξουοίαν
572 3833 619 3885 τοῦ
645 3829 791 3902 προγράψαι
817 3828 913 3892 (οοᾶά.
938 3825 1100 3900 άπογράψιιι)
1123 3825 1155 3880 τά
1173 3825 1326 3899 δικαστήρια.

185 3917 226 3972 Ol.
243 3919 325 3971 etiam
345 3918 428 3972 Arist·
447 3917 499 3971 Ar.
517 3915 582 3972 450:
600 3917 660 3980 τούς
677 3916 781 3978 ὅπὶίται
792 3945 815 3954 ·
826 3915 926 3970 dudam
944 3913 1022 3970 mitra
1035 3914 1129 3980 οἴκαδε,
1147 3923 1252 3970 σκοπεῖν
1268 3915 1292 3970 δ’
1310 3921 1327 3974 d

184 4027 210 4058 τι
225 4005 257 4059 ἂν
273 4002 457 4075 προγράφωμεν
474 4005 501 4056 dr
518 4013 572 4064 τοῖς
589 4011 717 4064 πινακίοις.
763 4057 766 4064 ,
1147 4045 1150 4050 .

290 4089 301 4124 ¹
325 4087 366 4142 Gt.
386 4089 458 4142 Poll.
477 4087 593 4143 vmeo
611 4103 670 4142 oum
690 4088 767 4141 Dem.
785 4087 854 4140 xlx
864 4085 929 4152 1853
948 4085 1140 4140 Demosthenis
1159 4087 1245 4141 verba
1263 4091 1326 4144 ὅταν

185 4174 199 4244 ᾖ
217 4174 299 4244 κῆρυξι
317 4183 356 4229 καὶ
376 4183 514 4246 πρεσβείαις
531 4185 753 4248 προγεγραμμένον
771 4190 832 4228 oum
851 4173 952 4226 Welllo
969 4169 1010 4224 tlt}
1031 4173 1245 4240 interpretanda
1264 4189 1325 4228 08⁸0

186 4275 300 4314 ueneno:
319 4259 431 4330 quando
450 4267 583 4328 prytsnss
601 4261 631 4313 in
650 4265 762 4312 sanatrrs
781 4259 892 4312 eonoilii
911 4265 1117 4326 programmate
1136 4259 1170 4312 da
1189 4257 1325 4314 oaduosa·

187 4346 293 4399 tortiora
311 4346 556 4415 legationibusque
574 4347 738 4400 relationem
752 4349 964 4413 proposuerunt.
993 4345 1036 4400 Al.
1049 4345 1148 4398 Hartsl
1165 4347 1235 4400 stud.
1249 4345 1327 4400 Dum.

186 4431 258 4486 1174
275 4448 333 4502 seq.

1150 4517 1168 4572 o
