3226 4932
707 389 748 399 -
797 354 882 435 [aco
930 390 970 399 -

360 539 387 608 0
409 540 491 606 XIII
515 540 644 628 [μέτρα,
671 539 766 622 κατά,
794 535 926 622 αὐτίκα,
955 534 1200 628 ἀριστεύσατε).

361 643 390 709 P
413 645 445 709 Π
468 638 544 731 [bra
571 641 691 734 βαθύ),
719 644 940 728 παρελέξατο.

361 745 391 810 P
413 747 458 812 IV
481 743 634 832 [(θαμά),
661 751 844 830 σκίμψατο,
872 745 958 829 τινά,
985 744 1096 832 nortl

361 849 391 914 P
414 850 442 915 V
465 843 560 937 {lina
580 849 845 938 Auusbotyrorcl,
873 849 998 937 {poert
1018 852 1127 937 φρενί,
1154 846 1304 935 ἔπλετο),
1333 841 1412 934 [iias.

362 1055 388 1120 N
411 1057 460 1121 III
484 957 670 1143 [Neyiiceirefil
670 953 837 1140 1πελάγεϊ,
865 1053 1022 1142 θαμινά),
1051 1049 1193 1140 ἆτρεκέι.

247 1212 250 1218 ,
363 1159 381 1224 Ι
405 1159 448 1224 VI
472 1155 582 1244 (abac,
609 1159 777 1246 φείσατο],
805 1153 937 1224 αὐτίκα.

363 1262 383 1326 Ι
406 1261 467 1326 VH
481 1255 635 1346 Ἕκτορα.

362 1364 382 1429 I
405 1365 482 1430 VIII
506 1362 704 1450 (cooperto,
731 1363 896 1452 τυχοῖσα),
923 1365 1065 1446 βασιλέι,
1093 1358 1254 1449 ἁγεμόνα.

362 1469 391 1549 bl
419 1467 539 1533 Versus
562 1467 712 1552 paralleli
735 1467 924 1552 plerumque
946 1468 979 1532 in
1002 1467 1132 1552 longam
1156 1474 1288 1534 exeunt:

362 1568 444 1635 011
466 1567 564 1655 βαρύ.

364 1672 461 1738 PIV
484 1670 623 1755 δώματι.

363 1775 392 1842 Ρ
415 1777 443 1840 V
465 1781 562 1858 μέτα.

363 1878 390 1943 Ν
414 1879 462 1944 III
486 1875 567 1944 ἄπο.

364 1981 413 2048 De
437 1983 484 2047 eis
507 1989 614 2048 autem
638 1981 791 2064 exitibus,
825 2001 905 2064 quos
935 1983 994 2047 sub
1024 1982 1072 2046 III
1088 1982 1118 2066 b)
1146 1982 1414 2065 enumeravimus,

278 2083 363 2149 idem
393 2083 600 2150 iudicandum
632 2091 681 2150 est
711 2091 808 2168 atque
831 2086 871 2151 de
894 2084 1032 2150 exitibus
1054 2085 1169 2150 classis
1191 2085 1238 2148 ll:
1272 2110 1303 2149 -ι
1325 2093 1357 2150 et
1378 2110 1420 2150 -v

279 2188 311 2252 in
334 2188 422 2254 exitu
444 2187 616 2273 productas
638 2206 722 2271 esse,
748 2187 1017 2272 praepositionem
1033 2181 1103 2252 ἄπο
1126 2187 1259 2253 formam
1279 2189 1419 2273 amplio-

279 2310 345 2356 rem
368 2291 530 2376 recepisse
553 2285 641 2372 ἅττα,
677 2289 718 2356 de
740 2290 896 2375 ampliore
919 2297 1026 2356 autem
1049 2290 1153 2356 forma
1174 2287 1259 2372 μετά
1281 2310 1420 2376 praepo-

279 2393 404 2460 sitionis
433 2397 549 2477 (μεταί)
578 2391 663 2476 quod
686 2392 767 2458 nihil
791 2399 986 2478 compertum
1010 2401 1076 2476 est,
1109 2393 1144 2460 id
1170 2393 1305 2460 fortasse
1328 2395 1420 2459 casui

278 2495 499 2562 tribuendum:
527 2495 568 2561 of.
594 2498 838 2580 καταί(βατος),
865 2488 961 2578 ὑπαί,
988 2502 1107 2582 παραὶ,
1136 2491 1234 2560 daal.

810 2685 880 2770 ss.

367 2805 486 2871 Ultimo
515 2806 584 2872 loco
613 2805 831 2888 quaerendum
853 2806 945 2872 nobis
968 2813 1018 2872 est
1040 2805 1080 2872 de
1102 2813 1217 2872 natura
1237 2808 1422 2891 rhythmica

280 2908 422 2974 exituum
437 2907 706 2992 imperfectorum.
746 2908 798 2974 Ad
814 2927 942 2975 carmen
958 2907 984 2974 0
1000 2909 1042 2990 X,
1068 2909 1123 2974 ubi
1145 2909 1326 2992 frequentia
1348 2912 1420 2976 exi-

280 3018 369 3077 tuum
397 3010 656 3096 imperfectorum
685 3011 825 3076 maxima
859 3018 924 3095 cst,
962 3012 1121 3096 Bergkios
1154 3013 1234 3078 haec
1267 3013 1415 3079 adnotat:

280 3114 451 3181 »Ceterum
474 3115 615 3180 notabile
638 3123 688 3180 est
709 3115 769 3180 hoc
791 3134 920 3182 carmen
942 3115 1049 3181 brevis
1072 3115 1219 3200 syllabae
1237 3115 1422 3198 frequentia

280 3219 314 3284 in
337 3237 432 3283 versu
455 3217 638 3300 novissimo,
665 3218 750 3300 quod
773 3217 900 3282 videtur
921 3237 984 3284 non
1008 3237 1084 3284 casu
1107 3217 1238 3302 factum,
1265 3219 1322 3284 sed
1340 3221 1421 3284 artis

282 3341 373 3386 esse:
415 3320 454 3385 cf.
482 3321 560 3386 Mar.
587 3321 669 3386 Vict.
695 3321 710 3384 Ι
737 3324 784 3384 17.
812 3323 868 3384 24:
915 3323 1008 3386 ‘nam
1037 3321 1247 3388 Aristoxenus
1277 3323 1422 3388 musicus

282 3424 359 3490 dicit
380 3424 494 3490 breves
517 3424 630 3490 finales
651 3423 686 3488 in
708 3425 828 3504 metris,
855 3423 882 3488 si
905 3424 1102 3490 collectiores
1125 3425 1197 3507 sint,
1225 3445 1262 3490 eo
1279 3425 1421 3510 aptiores

282 3527 476 3612 separationi
498 3546 611 3592 versus
633 3548 654 3592 a
676 3534 830 3610 sequente
853 3544 947 3592 versu
969 3525 1053 3593 fieri:
1081 3526 1263 3610 idcircoque
1277 3528 1314 3593 in'
1327 3537 1422 3594 sexta

282 3629 359 3694 sede
389 3630 544 3712 (trimetri)
578 3630 763 3715 trisyllabos
792 3629 896 3712 figura
924 3649 987 3695 noo
1015 3631 1160 3715 ponitur,
1193 3631 1270 3713 quia
1298 3651 1420 3696 moram

282 3733 393 3798 habet:
429 3741 462 3798 at
485 3740 593 3799 contra
616 3733 794 3818 disyllabos
817 3732 985 3798 familiaris
1009 3739 1074 3814 est,
1101 3734 1177 3816 quia
1203 3734 1339 3800 celerius
1362 3733 1420 3800 de-

282 3837 368 3916 sinit,
395 3843 427 3902 et
442 3855 480 3902 eo
495 3836 609 3918 magis,
637 3836 664 3901 si
680 3836 886 3923 posteriorem
903 3835 1061 3920 syllabam
1077 3837 1207 3902 brevem
1222 3837 1383 3902 habuerit*
1393 3866 1417 3899 a.

282 3939 331 4004 Ex
354 3939 470 4021 quibus
492 3939 525 4004 id
547 3938 721 4005 tenendum
744 3946 810 4022 est,
843 3938 1019 4023 longiorem
1049 3937 1185 4021 figuram
1213 3940 1245 4004 in
1272 3939 1334 4005 fine
1357 3959 1422 4004 non

283 4041 376 4126 poni,
413 4042 490 4124 quia
522 4063 642 4108 moram
675 4042 805 4108 habeat.
859 4041 985 4107 Revera
1013 4059 1073 4107 nec
1101 4061 1213 4108 versus
1243 4041 1453 4150 dactylicus⁴

283 4145 372 4212 exire
393 4152 499 4231 potest
519 4145 553 4210 in
575 4144 756 4230 dactylum,
788 4163 892 4228 neque
922 4161 1035 4208 versus
1063 4143 1218 4211 iambicus
1248 4145 1282 4209 in
1304 4144 1422 4210 tribra-

282 4248 379 4331 chyn.
427 4247 572 4313 Similem
595 4255 702 4314 autem
725 4247 879 4314 rationem
902 4264 974 4313 esse
997 4246 1140 4314 exituum
1163 4247 1423 4332 imperfectorum
