<?xml version="1.0" encoding="UTF-8"?>
<!DOCTYPE html PUBLIC "-//W3C//DTD XHTML 1.0 Transitional//EN"
    "http://www.w3.org/TR/xhtml1/DTD/xhtml1-transitional.dtd">
<html xmlns="http://www.w3.org/1999/xhtml" xml:lang="en" lang="en">
 <head>
  <title>
</title>
<meta http-equiv="Content-Type" content="text/html;charset=utf-8" />
  <meta name='ocr-system' content='tesseract 3.04.00' />
  <meta name='ocr-capabilities' content='ocr_page ocr_carea ocr_par ocr_line ocrx_word'/>
</head>
<body>
  <div class='ocr_page' id='page_1' title='image "./dissertationesp02stragoog_0071.png"; bbox 0 0 3258 4924; ppageno 0'>
   <div class='ocr_carea' id='block_1_1' title="bbox 750 467 965 530">
    <p class='ocr_par' dir='ltr' id='par_1_1' title="bbox 750 467 965 530">
     <span class='ocr_line' id='line_1_1' title="bbox 750 467 965 530; baseline 0.009 -24"><span class='ocrx_word' id='word_1_1' title='bbox 750 467 965 530; x_wconf 69' lang='lat'>..58-</span> 
     </span>
    </p>
   </div>
   <div class='ocr_carea' id='block_1_2' title="bbox 283 652 1426 3842">
    <p class='ocr_par' dir='ltr' id='par_1_2' title="bbox 286 652 1426 950">
     <span class='ocr_line' id='line_1_2' title="bbox 390 652 1426 740; baseline -0.003 -19"><span class='ocrx_word' id='word_1_2' title='bbox 390 656 473 721; x_wconf 80' lang='lat' dir='ltr'><strong>lixa</strong></span> <span class='ocrx_word' id='word_1_3' title='bbox 493 655 593 720; x_wconf 86' lang='lat' dir='ltr'><strong>{nisse</strong></span> <span class='ocrx_word' id='word_1_4' title='bbox 615 653 766 719; x_wconf 82' lang='lat' dir='ltr'><strong>videntur</strong></span> <span class='ocrx_word' id='word_1_5' title='bbox 787 653 886 719; x_wconf 82' lang='lat' dir='ltr'><strong>etiam</strong></span> <span class='ocrx_word' id='word_1_6' title='bbox 906 653 1035 719; x_wconf 79' lang='lat' dir='ltr'><strong>comitis</strong></span> <span class='ocrx_word' id='word_1_7' title='bbox 1051 673 1101 732; x_wconf 86' lang='lat' dir='ltr'><strong>eo,</strong></span> <span class='ocrx_word' id='word_1_8' title='bbox 1120 653 1152 717; x_wconf 92' lang='lat' dir='ltr'><strong>in</strong></span> <span class='ocrx_word' id='word_1_9' title='bbox 1178 652 1295 739; x_wconf 88' lang='lat' dir='ltr'><strong>quibus</strong></span> <span class='ocrx_word' id='word_1_10' title='bbox 1310 655 1426 740; x_wconf 81' lang='lat' dir='ltr'><strong>megis-</strong></span> 
     </span>
     <span class='ocr_line' id='line_1_3' title="bbox 287 755 1426 846; baseline -0.004 -21"><span class='ocrx_word' id='word_1_11' title='bbox 287 767 390 826; x_wconf 84' lang='lat' dir='ltr'><strong>tratus</strong></span> <span class='ocrx_word' id='word_1_12' title='bbox 411 760 573 846; x_wconf 73' lang='lat' dir='ltr'><strong>suffragiis</strong></span> <span class='ocrx_word' id='word_1_13' title='bbox 595 759 795 836; x_wconf 84' lang='lat' dir='ltr'><strong>creabantur,</strong></span> <span class='ocrx_word' id='word_1_14' title='bbox 817 757 850 822; x_wconf 93' lang='lat' dir='ltr'><strong>id</strong></span> <span class='ocrx_word' id='word_1_15' title='bbox 865 757 952 843; x_wconf 88' lang='lat' dir='ltr'><strong>quod</strong></span> <span class='ocrx_word' id='word_1_16' title='bbox 968 755 1111 824; x_wconf 89' lang='lat' dir='ltr'><strong>Koehler</strong></span> <span class='ocrx_word' id='word_1_17' title='bbox 1134 757 1166 822; x_wconf 90' lang='lat' dir='ltr'><strong>in</strong></span> <span class='ocrx_word' id='word_1_18' title='bbox 1183 758 1274 822; x_wconf 78' lang='lat' dir='ltr'><strong>Actt.</strong></span> <span class='ocrx_word' id='word_1_19' title='bbox 1296 766 1426 823; x_wconf 86' lang='lat' dir='ltr'><strong>menstr.</strong></span> 
     </span>
     <span class='ocr_line' id='line_1_4' title="bbox 286 860 1426 950; baseline -0.003 -21"><span class='ocrx_word' id='word_1_20' title='bbox 286 863 375 929; x_wconf 78' lang='lat' dir='ltr'><strong>aced-</strong></span> <span class='ocrx_word' id='word_1_21' title='bbox 392 863 500 929; x_wconf 88' lang='lat' dir='ltr'><strong>Berol.</strong></span> <span class='ocrx_word' id='word_1_22' title='bbox 514 865 595 928; x_wconf 86' lang='grc'><strong>1866</strong></span> <span class='ocrx_word' id='word_1_23' title='bbox 608 885 638 950; x_wconf 92' lang='lat' dir='ltr'><strong>p.</strong></span> <span class='ocrx_word' id='word_1_24' title='bbox 652 865 714 926; x_wconf 80' lang='lat'><strong>343</strong></span> <span class='ocrx_word' id='word_1_25' title='bbox 731 883 772 926; x_wconf 83' lang='lat' dir='ltr'><strong>ox</strong></span> <span class='ocrx_word' id='word_1_26' title='bbox 788 861 996 946; x_wconf 72' lang='lat' dir='ltr'><strong>inscriptione</strong></span> <span class='ocrx_word' id='word_1_27' title='bbox 1018 882 1048 924; x_wconf 93' lang='lat' dir='ltr'><strong>n.</strong></span> <span class='ocrx_word' id='word_1_28' title='bbox 1065 864 1128 925; x_wconf 85' lang='grc'><strong>416</strong></span> <span class='ocrx_word' id='word_1_29' title='bbox 1150 860 1277 926; x_wconf 59' lang='lat' dir='ltr'><strong>ficere</strong></span> <span class='ocrx_word' id='word_1_30' title='bbox 1293 861 1426 926; x_wconf 73' lang='lat' dir='ltr'><strong>studuit-</strong></span> 
     </span>
    </p>

    <p class='ocr_par' dir='ltr' id='par_1_3' title="bbox 283 962 1426 1776">
     <span class='ocr_line' id='line_1_5' title="bbox 388 962 1426 1049; baseline -0.002 -19"><span class='ocrx_word' id='word_1_31' title='bbox 388 966 568 1032; x_wconf 85' lang='lat' dir='ltr'><strong>Praetsrea</strong></span> <span class='ocrx_word' id='word_1_32' title='bbox 596 965 638 1032; x_wconf 88' lang='lat' dir='ltr'><strong>de</strong></span> <span class='ocrx_word' id='word_1_33' title='bbox 668 964 855 1030; x_wconf 85' lang='lat' dir='ltr'><strong>ostreoismo</strong></span> <span class='ocrx_word' id='word_1_34' title='bbox 878 964 1034 1049; x_wconf 87' lang='lat' dir='ltr'><strong>populum</strong></span> <span class='ocrx_word' id='word_1_35' title='bbox 1057 962 1180 1028; x_wconf 89' lang='lat' dir='ltr'><strong>consuli</strong></span> <span class='ocrx_word' id='word_1_36' title='bbox 1201 963 1332 1028; x_wconf 87' lang='lat' dir='ltr'><strong>solitum</strong></span> <span class='ocrx_word' id='word_1_37' title='bbox 1354 985 1426 1028; x_wconf 90' lang='lat' dir='ltr'><strong>esse</strong></span> 
     </span>
     <span class='ocr_line' id='line_1_6' title="bbox 285 1065 1425 1154; baseline -0.005 -20"><span class='ocrx_word' id='word_1_38' title='bbox 285 1069 318 1134; x_wconf 91' lang='lat' dir='ltr'><strong>in</strong></span> <span class='ocrx_word' id='word_1_39' title='bbox 340 1075 452 1134; x_wconf 80' lang='lat' dir='ltr'><strong>sextae</strong></span> <span class='ocrx_word' id='word_1_40' title='bbox 473 1069 642 1154; x_wconf 82' lang='lat' dir='ltr'><strong>prytaniae</strong></span> <span class='ocrx_word' id='word_1_41' title='bbox 672 1069 823 1132; x_wconf 90' lang='lat' dir='ltr'><strong>contione</strong></span> <span class='ocrx_word' id='word_1_42' title='bbox 852 1069 940 1154; x_wconf 84' lang='grc' dir='ltr'><strong><em>κυρίρ</em></strong></span> <span class='ocrx_word' id='word_1_43' title='bbox 969 1066 1066 1131; x_wconf 87' lang='lat' dir='ltr'><strong>tradit</strong></span> <span class='ocrx_word' id='word_1_44' title='bbox 1087 1067 1151 1132; x_wconf 81' lang='lat' dir='ltr'><strong>lex.</strong></span> <span class='ocrx_word' id='word_1_45' title='bbox 1175 1065 1325 1132; x_wconf 79' lang='lat' dir='ltr'><strong>Cantent.</strong></span> <span class='ocrx_word' id='word_1_46' title='bbox 1349 1091 1372 1133; x_wconf 85' lang='lat' dir='ltr'><strong>s</strong></span> <span class='ocrx_word' id='word_1_47' title='bbox 1396 1087 1425 1130; x_wconf 82' lang='lat' dir='ltr'><strong>v.</strong></span> 
     </span>
     <span class='ocr_line' id='line_1_7' title="bbox 285 1167 1425 1258; baseline -0.004 -19"><span class='ocrx_word' id='word_1_48' title='bbox 285 1175 373 1258; x_wconf 82' lang='grc' dir='ltr'><strong><em>κορλα</em></strong></span> <span class='ocrx_word' id='word_1_49' title='bbox 395 1175 544 1256; x_wconf 82' lang='grc' dir='ltr'><strong><em>ι’κκλρσίιι.</em></strong></span> <span class='ocrx_word' id='word_1_50' title='bbox 569 1209 609 1219; x_wconf 92' lang='grc'>-</span> <span class='ocrx_word' id='word_1_51' title='bbox 631 1175 681 1238; x_wconf 78' lang='grc' dir='ltr'><strong><em>ἐπί</em></strong></span> <span class='ocrx_word' id='word_1_52' title='bbox 704 1173 736 1236; x_wconf 67' lang='lat' dir='ltr'><strong>de*</strong></span> <span class='ocrx_word' id='word_1_53' title='bbox 760 1178 816 1252; x_wconf 78' lang='grc' dir='ltr'><strong><em>τῆς</em></strong></span> <span class='ocrx_word' id='word_1_54' title='bbox 838 1171 927 1254; x_wconf 71' lang='grc' dir='ltr'><strong><em>ἕκτης</em></strong></span> <span class='ocrx_word' id='word_1_55' title='bbox 955 1169 1136 1250; x_wconf 85' lang='grc' dir='ltr'><strong><em>πρυτανιίιις</em></strong></span> <span class='ocrx_word' id='word_1_56' title='bbox 1164 1167 1240 1252; x_wconf 70' lang='grc' dir='ltr'><strong><em>πρὸς</em></strong></span> <span class='ocrx_word' id='word_1_57' title='bbox 1261 1177 1323 1247; x_wconf 82' lang='grc' dir='ltr'><strong><em>τοῖς</em></strong></span> <span class='ocrx_word' id='word_1_58' title='bbox 1345 1171 1425 1254; x_wconf 76' lang='lat' dir='ltr'><strong>ripp-</strong></span> 
     </span>
     <span class='ocr_line' id='line_1_8' title="bbox 283 1275 1424 1360; baseline -0.004 -18"><span class='ocrx_word' id='word_1_59' title='bbox 283 1276 384 1358; x_wconf 82' lang='grc' dir='ltr'><strong><em>με’νοις</em></strong></span> <span class='ocrx_word' id='word_1_60' title='bbox 412 1281 461 1342; x_wconf 85' lang='grc' dir='ltr'><strong>καί</strong></span> <span class='ocrx_word' id='word_1_61' title='bbox 490 1282 555 1358; x_wconf 77' lang='lat' dir='ltr'><strong>rupi</strong></span> <span class='ocrx_word' id='word_1_62' title='bbox 586 1283 642 1360; x_wconf 87' lang='grc' dir='ltr'><strong><em>τῆς</em></strong></span> <span class='ocrx_word' id='word_1_63' title='bbox 674 1275 912 1359; x_wconf 74' lang='grc' dir='ltr'><strong><em>ὀστρακοφορίας</em></strong></span> <span class='ocrx_word' id='word_1_64' title='bbox 943 1275 1189 1358; x_wconf 77' lang='grc' dir='ltr'><strong><em>προχειροτονίον</em></strong></span> <span class='ocrx_word' id='word_1_65' title='bbox 1220 1275 1365 1338; x_wconf 75' lang='grc' dir='ltr'><strong>δίδοσθαι</strong></span> <span class='ocrx_word' id='word_1_66' title='bbox 1396 1276 1424 1338; x_wconf 82' lang='grc' dir='ltr'><strong><em>εί</em></strong></span> 
     </span>
     <span class='ocr_line' id='line_1_9' title="bbox 286 1375 1422 1472; baseline -0.002 -28"><span class='ocrx_word' id='word_1_67' title='bbox 286 1385 373 1446; x_wconf 72' lang='lat' dir='ltr'><strong>dorsi</strong></span> <span class='ocrx_word' id='word_1_68' title='bbox 390 1379 411 1464; x_wconf 85' lang='grc' dir='ltr'><em>ἢ</em></span> <span class='ocrx_word' id='word_1_69' title='bbox 426 1378 492 1464; x_wconf 66' lang='grc' dir='ltr'><strong>μὴ.</strong></span> <span class='ocrx_word' id='word_1_70' title='bbox 535 1381 627 1446; x_wconf 87' lang='lat' dir='ltr'><strong>Idem</strong></span> <span class='ocrx_word' id='word_1_71' title='bbox 648 1380 700 1446; x_wconf 89' lang='lat' dir='ltr'><strong>die</strong></span> <span class='ocrx_word' id='word_1_72' title='bbox 723 1401 788 1445; x_wconf 93' lang='lat' dir='ltr'><strong>non</strong></span> <span class='ocrx_word' id='word_1_73' title='bbox 810 1377 919 1444; x_wconf 86' lang='lat' dir='ltr'><strong>addito</strong></span> <span class='ocrx_word' id='word_1_74' title='bbox 949 1378 1049 1444; x_wconf 86' lang='lat' dir='ltr'><strong>relert</strong></span> <span class='ocrx_word' id='word_1_75' title='bbox 1077 1385 1190 1442; x_wconf 78' lang='lat' dir='ltr'>auctor</span> <span class='ocrx_word' id='word_1_76' title='bbox 1215 1401 1241 1442; x_wconf 93' lang='lat' dir='ltr'><strong>s.</strong></span> <span class='ocrx_word' id='word_1_77' title='bbox 1264 1399 1293 1472; x_wconf 53' lang='lat' dir='ltr'><strong>v,</strong></span> <span class='ocrx_word' id='word_1_78' title='bbox 1315 1375 1422 1459; x_wconf 81' lang='grc' dir='ltr'><strong><em>ὀστρα-</em></strong></span> 
     </span>
     <span class='ocr_line' id='line_1_10' title="bbox 285 1477 1426 1568; baseline -0.004 -19"><span class='ocrx_word' id='word_1_79' title='bbox 285 1490 395 1564; x_wconf 80' lang='grc' dir='ltr'><strong><em>κισμοῦ</em></strong></span> <span class='ocrx_word' id='word_1_80' title='bbox 416 1482 537 1565; x_wconf 77' lang='grc' dir='ltr'><strong><em>τρόπος.</em></strong></span> <span class='ocrx_word' id='word_1_81' title='bbox 567 1519 609 1530; x_wconf 91' lang='grc'>-</span> <span class='ocrx_word' id='word_1_82' title='bbox 641 1481 812 1566; x_wconf 74' lang='grc' dir='ltr'><strong><em>Φιλόχορος</em></strong></span> <span class='ocrx_word' id='word_1_83' title='bbox 841 1481 998 1546; x_wconf 73' lang='grc' dir='ltr'><strong><em>ἐκτίθεται</em></strong></span> <span class='ocrx_word' id='word_1_84' title='bbox 1027 1477 1081 1544; x_wconf 81' lang='grc' dir='ltr'><strong>τόν</strong></span> <span class='ocrx_word' id='word_1_85' title='bbox 1104 1477 1307 1561; x_wconf 79' lang='grc' dir='ltr'><strong><em>ὀστρακισμὸν</em></strong></span> <span class='ocrx_word' id='word_1_86' title='bbox 1328 1483 1363 1544; x_wconf 78' lang='lat' dir='ltr'><strong>s&#39;v</strong></span> <span class='ocrx_word' id='word_1_87' title='bbox 1384 1486 1426 1568; x_wconf 76' lang='grc' dir='ltr'><strong>τῇ</strong></span> 
     </span>
     <span class='ocr_line' id='line_1_11' title="bbox 285 1581 1424 1675; baseline -0.004 -23"><span class='ocrx_word' id='word_1_88' title='bbox 285 1588 373 1675; x_wconf 72' lang='grc' dir='ltr'><strong><em>τρίτῃ</em></strong></span> <span class='ocrx_word' id='word_1_89' title='bbox 390 1585 518 1672; x_wconf 80' lang='grc' dir='ltr'><strong><em>γράφων</em></strong></span> <span class='ocrx_word' id='word_1_90' title='bbox 531 1586 621 1652; x_wconf 79' lang='lat' dir='ltr'><strong>oiitm&#39;</strong></span> <span class='ocrx_word' id='word_1_91' title='bbox 637 1593 861 1671; x_wconf 81' lang='grc' dir='ltr'><strong><em>προχειροτονεῖ</em></strong></span> <span class='ocrx_word' id='word_1_92' title='bbox 877 1585 933 1666; x_wconf 79' lang='grc' dir='ltr'><strong>μὲν</strong></span> <span class='ocrx_word' id='word_1_93' title='bbox 948 1583 964 1650; x_wconf 81' lang='grc' dir='ltr'><strong>ὁ</strong></span> <span class='ocrx_word' id='word_1_94' title='bbox 980 1588 1079 1668; x_wconf 66' lang='grc' dir='ltr'><em>δῆμος</em></span> <span class='ocrx_word' id='word_1_95' title='bbox 1101 1581 1159 1666; x_wconf 74' lang='grc' dir='ltr'><strong>πρὸ</strong></span> <span class='ocrx_word' id='word_1_96' title='bbox 1177 1590 1232 1668; x_wconf 84' lang='grc' dir='ltr'><strong><em>τῆς</em></strong></span> <span class='ocrx_word' id='word_1_97' title='bbox 1253 1583 1286 1668; x_wconf 82' lang='grc' dir='ltr'><strong>η’</strong></span> <span class='ocrx_word' id='word_1_98' title='bbox 1310 1610 1424 1666; x_wconf 83' lang='grc' dir='ltr'><strong><em>προτα·</em></strong></span> 
     </span>
     <span class='ocr_line' id='line_1_12' title="bbox 286 1688 937 1776; baseline -0.005 -21"><span class='ocrx_word' id='word_1_99' title='bbox 286 1691 367 1768; x_wconf 84' lang='grc' dir='ltr'><strong><em>ντίας</em></strong></span> <span class='ocrx_word' id='word_1_100' title='bbox 387 1692 415 1755; x_wconf 86' lang='grc' dir='ltr'><strong>εἰ</strong></span> <span class='ocrx_word' id='word_1_101' title='bbox 436 1693 519 1756; x_wconf 71' lang='grc' dir='ltr'><strong><em>δοκεῖ</em></strong></span> <span class='ocrx_word' id='word_1_102' title='bbox 538 1689 573 1756; x_wconf 79' lang='grc' dir='ltr'><strong><em>τιί</em></strong></span> <span class='ocrx_word' id='word_1_103' title='bbox 597 1689 744 1772; x_wconf 79' lang='grc' dir='ltr'><strong><em>ὄστρακον</em></strong></span> <span class='ocrx_word' id='word_1_104' title='bbox 765 1688 937 1776; x_wconf 79' lang='grc' dir='ltr'><strong>είσφέριιν.1</strong></span> 
     </span>
    </p>

    <p class='ocr_par' dir='ltr' id='par_1_4' title="bbox 283 1779 1424 3631">
     <span class='ocr_line' id='line_1_13' title="bbox 389 1779 1421 1880; baseline 0.001 -21"><span class='ocrx_word' id='word_1_105' title='bbox 389 1779 523 1872; x_wconf 82' lang='lat' dir='ltr'><strong>Praeter</strong></span> <span class='ocrx_word' id='word_1_106' title='bbox 545 1795 604 1860; x_wconf 83' lang='lat' dir='ltr'><strong>hos</strong></span> <span class='ocrx_word' id='word_1_107' title='bbox 634 1815 714 1880; x_wconf 90' lang='lat' dir='ltr'><strong>qnos</strong></span> <span class='ocrx_word' id='word_1_108' title='bbox 747 1795 931 1859; x_wconf 79' lang='lat' dir='ltr'><strong>enumeravi</strong></span> <span class='ocrx_word' id='word_1_109' title='bbox 955 1792 1034 1858; x_wconf 89' lang='lat' dir='ltr'><strong>alios</strong></span> <span class='ocrx_word' id='word_1_110' title='bbox 1056 1813 1185 1878; x_wconf 88' lang='lat' dir='ltr'><strong>quoque</strong></span> <span class='ocrx_word' id='word_1_111' title='bbox 1207 1791 1274 1858; x_wconf 86' lang='lat' dir='ltr'><strong>dies</strong></span> <span class='ocrx_word' id='word_1_112' title='bbox 1295 1793 1421 1878; x_wconf 78' lang='lat' dir='ltr'><strong>legibus</strong></span> 
     </span>
     <span class='ocr_line' id='line_1_14' title="bbox 286 1893 1423 1980; baseline -0.003 -17"><span class='ocrx_word' id='word_1_113' title='bbox 286 1903 425 1964; x_wconf 75' lang='lat' dir='ltr'><strong>statutos</strong></span> <span class='ocrx_word' id='word_1_114' title='bbox 447 1919 517 1964; x_wconf 85' lang='lat' dir='ltr'><strong>esse</strong></span> <span class='ocrx_word' id='word_1_115' title='bbox 540 1919 605 1962; x_wconf 93' lang='lat' dir='ltr'><strong>non</strong></span> <span class='ocrx_word' id='word_1_116' title='bbox 627 1897 743 1962; x_wconf 84' lang='lat' dir='ltr'><strong>inveni</strong></span> <span class='ocrx_word' id='word_1_117' title='bbox 789 1895 875 1970; x_wconf 88' lang='lat' dir='ltr'><strong>Quid</strong></span> <span class='ocrx_word' id='word_1_118' title='bbox 897 1903 1005 1960; x_wconf 88' lang='lat' dir='ltr'><strong>autem</strong></span> <span class='ocrx_word' id='word_1_119' title='bbox 1022 1893 1063 1960; x_wconf 89' lang='lat' dir='ltr'><strong>de</strong></span> <span class='ocrx_word' id='word_1_120' title='bbox 1077 1895 1207 1980; x_wconf 88' lang='lat' dir='ltr'><strong>reliquis</strong></span> <span class='ocrx_word' id='word_1_121' title='bbox 1222 1895 1423 1961; x_wconf 87' lang='lat' dir='ltr'><strong>contionibus</strong></span> 
     </span>
     <span class='ocr_line' id='line_1_15' title="bbox 288 1997 1421 2084; baseline -0.004 -17"><span class='ocrx_word' id='word_1_122' title='bbox 288 2001 456 2067; x_wconf 79' lang='lat' dir='ltr'><strong>ordinariis</strong></span> <span class='ocrx_word' id='word_1_123' title='bbox 486 1999 692 2066; x_wconf 87' lang='lat' dir='ltr'><strong>indicendum</strong></span> <span class='ocrx_word' id='word_1_124' title='bbox 721 1999 794 2064; x_wconf 81' lang='lat' dir='ltr'><strong>eet?</strong></span> <span class='ocrx_word' id='word_1_125' title='bbox 839 1998 1057 2063; x_wconf 73' lang='lat' dir='ltr'><strong>credemusne</strong></span> <span class='ocrx_word' id='word_1_126' title='bbox 1086 1997 1154 2064; x_wconf 88' lang='lat' dir='ltr'><strong>dies</strong></span> <span class='ocrx_word' id='word_1_127' title='bbox 1183 1999 1220 2062; x_wconf 90' lang='lat' dir='ltr'><strong>iis</strong></span> <span class='ocrx_word' id='word_1_128' title='bbox 1250 1999 1421 2084; x_wconf 75' lang='lat' dir='ltr'><strong>quotannis</strong></span> 
     </span>
     <span class='ocr_line' id='line_1_16' title="bbox 285 2101 1422 2190; baseline -0.002 -22"><span class='ocrx_word' id='word_1_129' title='bbox 285 2103 471 2190; x_wconf 75' lang='lat' dir='ltr'><strong>praefinitos</strong></span> <span class='ocrx_word' id='word_1_130' title='bbox 487 2123 558 2168; x_wconf 85' lang='lat' dir='ltr'><strong>esse</strong></span> <span class='ocrx_word' id='word_1_131' title='bbox 569 2123 610 2166; x_wconf 88' lang='lat' dir='ltr'><strong>an</strong></span> <span class='ocrx_word' id='word_1_132' title='bbox 623 2122 663 2166; x_wconf 75' lang='lat' dir='ltr'><strong>cx</strong></span> <span class='ocrx_word' id='word_1_133' title='bbox 676 2101 807 2166; x_wconf 85' lang='lat' dir='ltr'><strong>arbitrio</strong></span> <span class='ocrx_word' id='word_1_134' title='bbox 819 2101 952 2186; x_wconf 75' lang='lat' dir='ltr'><strong>singulis</strong></span> <span class='ocrx_word' id='word_1_135' title='bbox 967 2101 1123 2186; x_wconf 84' lang='lat' dir='ltr'><strong>prytaniis</strong></span> <span class='ocrx_word' id='word_1_136' title='bbox 1138 2101 1297 2166; x_wconf 84' lang='lat' dir='ltr'><strong>statutos?</strong></span> <span class='ocrx_word' id='word_1_137' title='bbox 1312 2101 1422 2186; x_wconf 85' lang='lat' dir='ltr'><strong>Atque</strong></span> 
     </span>
     <span class='ocr_line' id='line_1_17' title="bbox 285 2205 1423 2290; baseline -0.001 -17"><span class='ocrx_word' id='word_1_138' title='bbox 285 2208 314 2273; x_wconf 88' lang='lat' dir='ltr'><strong>si</strong></span> <span class='ocrx_word' id='word_1_139' title='bbox 335 2229 493 2274; x_wconf 88' lang='lat' dir='ltr'><strong>summam</strong></span> <span class='ocrx_word' id='word_1_140' title='bbox 522 2205 646 2272; x_wconf 89' lang='lat' dir='ltr'><strong>dierum</strong></span> <span class='ocrx_word' id='word_1_141' title='bbox 674 2207 859 2272; x_wconf 88' lang='lat' dir='ltr'><strong>contionum</strong></span> <span class='ocrx_word' id='word_1_142' title='bbox 882 2207 1073 2280; x_wconf 80' lang='lat' dir='ltr'><strong>varietatem</strong></span> <span class='ocrx_word' id='word_1_143' title='bbox 1096 2205 1301 2290; x_wconf 85' lang='lat' dir='ltr'><strong>respicimus,</strong></span> <span class='ocrx_word' id='word_1_144' title='bbox 1330 2205 1423 2272; x_wconf 84' lang='lat' dir='ltr'><strong>leoile</strong></span> 
     </span>
     <span class='ocr_line' id='line_1_18' title="bbox 285 2308 1424 2389; baseline -0.001 -12"><span class='ocrx_word' id='word_1_145' title='bbox 285 2333 362 2377; x_wconf 88' lang='lat' dir='ltr'><strong>sane</strong></span> <span class='ocrx_word' id='word_1_146' title='bbox 384 2309 581 2389; x_wconf 76' lang='lat' dir='ltr'><strong>adducimur,</strong></span> <span class='ocrx_word' id='word_1_147' title='bbox 603 2315 639 2374; x_wconf 88' lang='lat' dir='ltr'><strong>ut</strong></span> <span class='ocrx_word' id='word_1_148' title='bbox 662 2309 826 2374; x_wconf 80' lang='lat' dir='ltr'><strong>arbitrium</strong></span> <span class='ocrx_word' id='word_1_149' title='bbox 848 2309 880 2372; x_wconf 94' lang='lat' dir='ltr'><strong>in</strong></span> <span class='ocrx_word' id='word_1_150' title='bbox 905 2308 1017 2375; x_wconf 87' lang='lat' dir='ltr'><strong>dicbus</strong></span> <span class='ocrx_word' id='word_1_151' title='bbox 1033 2309 1261 2374; x_wconf 80' lang='lat' dir='ltr'><strong>constituendis</strong></span> <span class='ocrx_word' id='word_1_152' title='bbox 1285 2308 1424 2376; x_wconf 78' lang='lat' dir='ltr'><strong>valuisse</strong></span> 
     </span>
     <span class='ocr_line' id='line_1_19' title="bbox 286 2410 1424 2500; baseline -0.004 -20"><span class='ocrx_word' id='word_1_153' title='bbox 286 2413 463 2480; x_wconf 85' lang='lat' dir='ltr'><strong>credamus.</strong></span> <span class='ocrx_word' id='word_1_154' title='bbox 508 2411 605 2477; x_wconf 81' lang='lat' dir='ltr'><strong>Cuius</strong></span> <span class='ocrx_word' id='word_1_155' title='bbox 634 2412 690 2500; x_wconf 27' lang='lat' dir='ltr'><strong>rei,</strong></span> <span class='ocrx_word' id='word_1_156' title='bbox 712 2418 834 2478; x_wconf 88' lang='lat' dir='ltr'><strong>certum</strong></span> <span class='ocrx_word' id='word_1_157' title='bbox 864 2418 949 2478; x_wconf 88' lang='lat' dir='ltr'><strong>osset</strong></span> <span class='ocrx_word' id='word_1_158' title='bbox 972 2412 1186 2478; x_wconf 85' lang='lat' dir='ltr'><strong>testimonium</strong></span> <span class='ocrx_word' id='word_1_159' title='bbox 1209 2410 1424 2498; x_wconf 69' lang='lat' dir='ltr'><strong>Theophrasti</strong></span> 
     </span>
     <span class='ocr_line' id='line_1_20' title="bbox 286 2514 1422 2600; baseline -0.002 -18"><span class='ocrx_word' id='word_1_160' title='bbox 286 2517 381 2584; x_wconf 83' lang='lat' dir='ltr'><strong>Char.</strong></span> <span class='ocrx_word' id='word_1_161' title='bbox 403 2515 471 2582; x_wconf 84' lang='lat' dir='ltr'><strong>VII</strong></span> <span class='ocrx_word' id='word_1_162' title='bbox 495 2517 523 2594; x_wconf 88' lang='grc'><strong>3,</strong></span> <span class='ocrx_word' id='word_1_163' title='bbox 545 2516 571 2580; x_wconf 90' lang='lat' dir='ltr'><strong>si</strong></span> <span class='ocrx_word' id='word_1_164' title='bbox 596 2515 799 2580; x_wconf 86' lang='lat' dir='ltr'><strong>Schoemenn</strong></span> <span class='ocrx_word' id='word_1_165' title='bbox 821 2514 861 2580; x_wconf 89' lang='lat' dir='ltr'><strong>de</strong></span> <span class='ocrx_word' id='word_1_166' title='bbox 884 2536 964 2580; x_wconf 90' lang='lat' dir='ltr'><strong>com.</strong></span> <span class='ocrx_word' id='word_1_167' title='bbox 987 2539 1017 2600; x_wconf 92' lang='lat' dir='ltr'><strong>p.</strong></span> <span class='ocrx_word' id='word_1_168' title='bbox 1041 2519 1079 2582; x_wconf 90' lang='lat'><strong>51</strong></span> <span class='ocrx_word' id='word_1_169' title='bbox 1106 2515 1202 2580; x_wconf 85' lang='lat' dir='ltr'><strong>verbu</strong></span> <span class='ocrx_word' id='word_1_170' title='bbox 1225 2515 1266 2590; x_wconf 82' lang='lat' dir='ltr'><strong>de</strong></span> <span class='ocrx_word' id='word_1_171' title='bbox 1287 2517 1422 2600; x_wconf 87' lang='lat' dir='ltr'><strong>loqueos</strong></span> 
     </span>
     <span class='ocr_line' id='line_1_21' title="bbox 285 2613 1422 2702; baseline 0 -16"><span class='ocrx_word' id='word_1_172' title='bbox 285 2620 370 2688; x_wconf 75' lang='lat' dir='ltr'><strong>(lictu</strong></span> <span class='ocrx_word' id='word_1_173' title='bbox 404 2623 453 2684; x_wconf 84' lang='grc' dir='ltr'><strong>καί</strong></span> <span class='ocrx_word' id='word_1_174' title='bbox 487 2613 589 2702; x_wconf 73' lang='grc' dir='ltr'><strong><em>(οἶος)</em></strong></span> <span class='ocrx_word' id='word_1_175' title='bbox 623 2617 799 2699; x_wconf 71' lang='grc' dir='ltr'><strong><em>πυθόμενος</em></strong></span> <span class='ocrx_word' id='word_1_176' title='bbox 832 2615 886 2696; x_wconf 76' lang='grc' dir='ltr'><strong><em>τὰς</em></strong></span> <span class='ocrx_word' id='word_1_177' title='bbox 913 2617 1072 2701; x_wconf 64' lang='grc' dir='ltr'><strong><em>ἐκκλησίας</em></strong></span> <span class='ocrx_word' id='word_1_178' title='bbox 1104 2617 1303 2701; x_wconf 70' lang='grc' dir='ltr'><strong><em>ἀπαγγέλλειν</em></strong></span> <span class='ocrx_word' id='word_1_179' title='bbox 1335 2628 1422 2686; x_wconf 80' lang='lat' dir='ltr'><strong>recte</strong></span> 
     </span>
     <span class='ocr_line' id='line_1_22' title="bbox 285 2721 1422 2810; baseline 0 -22"><span class='ocrx_word' id='word_1_180' title='bbox 285 2725 567 2810; x_wconf 81' lang='lat' dir='ltr'><strong>interpretaretur:</strong></span> <span class='ocrx_word' id='word_1_181' title='bbox 609 2723 801 2804; x_wconf 82' lang='lat' dir='ltr'><strong>„resciscens</strong></span> <span class='ocrx_word' id='word_1_182' title='bbox 831 2723 959 2788; x_wconf 85' lang='lat' dir='ltr'><strong>comitia</strong></span> <span class='ocrx_word' id='word_1_183' title='bbox 988 2745 1031 2788; x_wconf 91' lang='lat' dir='ltr'><strong>so.</strong></span> <span class='ocrx_word' id='word_1_184' title='bbox 1062 2721 1170 2788; x_wconf 87' lang='lat' dir='ltr'><strong>futura</strong></span> <span class='ocrx_word' id='word_1_185' title='bbox 1199 2744 1270 2788; x_wconf 87' lang='lat' dir='ltr'><strong>esse</strong></span> <span class='ocrx_word' id='word_1_186' title='bbox 1293 2723 1422 2806; x_wconf 84' lang='lat' dir='ltr'><strong>relert“,</strong></span> 
     </span>
     <span class='ocr_line' id='line_1_23' title="bbox 285 2825 1423 2910; baseline -0.001 -18"><span class='ocrx_word' id='word_1_187' title='bbox 285 2828 318 2892; x_wconf 91' lang='lat' dir='ltr'><strong>in</strong></span> <span class='ocrx_word' id='word_1_188' title='bbox 340 2827 523 2892; x_wconf 86' lang='lat' dir='ltr'><strong>universum</strong></span> <span class='ocrx_word' id='word_1_189' title='bbox 552 2825 767 2910; x_wconf 85' lang='lat' dir='ltr'><strong>intellegenda</strong></span> <span class='ocrx_word' id='word_1_190' title='bbox 797 2833 886 2895; x_wconf 85' lang='lat' dir='ltr'><strong>ratus</strong></span> <span class='ocrx_word' id='word_1_191' title='bbox 916 2827 1060 2902; x_wconf 85' lang='lat' dir='ltr'><strong>comitia,</strong></span> <span class='ocrx_word' id='word_1_192' title='bbox 1089 2826 1157 2892; x_wconf 79' lang='lat' dir='ltr'><strong>sivo</strong></span> <span class='ocrx_word' id='word_1_193' title='bbox 1186 2825 1346 2892; x_wconf 87' lang='lat' dir='ltr'><strong>ordinaria</strong></span> <span class='ocrx_word' id='word_1_194' title='bbox 1368 2827 1423 2892; x_wconf 91' lang='lat' dir='ltr'><strong>illa</strong></span> 
     </span>
     <span class='ocr_line' id='line_1_24' title="bbox 285 2929 1423 3015; baseline -0.001 -20"><span class='ocrx_word' id='word_1_195' title='bbox 285 2931 349 2995; x_wconf 92' lang='lat' dir='ltr'><strong>sint</strong></span> <span class='ocrx_word' id='word_1_196' title='bbox 379 2930 445 2995; x_wconf 85' lang='lat' dir='ltr'><strong>sivo</strong></span> <span class='ocrx_word' id='word_1_197' title='bbox 475 2929 737 2996; x_wconf 86' lang='lat' dir='ltr'><strong>extraordinaria.</strong></span> <span class='ocrx_word' id='word_1_198' title='bbox 791 2930 994 3015; x_wconf 85' lang='lat' dir='ltr'><strong>Quemquam</strong></span> <span class='ocrx_word' id='word_1_199' title='bbox 1026 2929 1059 2994; x_wconf 92' lang='lat' dir='ltr'><strong>id</strong></span> <span class='ocrx_word' id='word_1_200' title='bbox 1097 2951 1175 2994; x_wconf 90' lang='lat' dir='ltr'><strong>num</strong></span> <span class='ocrx_word' id='word_1_201' title='bbox 1213 2936 1287 3015; x_wconf 86' lang='lat' dir='ltr'><strong>epte</strong></span> <span class='ocrx_word' id='word_1_202' title='bbox 1319 2929 1423 2994; x_wconf 83' lang='lat' dir='ltr'><strong>verbis</strong></span> 
     </span>
     <span class='ocr_line' id='line_1_25' title="bbox 283 3028 1422 3118; baseline 0.002 -22"><span class='ocrx_word' id='word_1_203' title='bbox 283 3028 459 3113; x_wconf 69' lang='grc' dir='ltr'><strong><em>πυθόμενος</em></strong></span> <span class='ocrx_word' id='word_1_204' title='bbox 490 3029 546 3110; x_wconf 77' lang='grc' dir='ltr'><strong><em>τὰς</em></strong></span> <span class='ocrx_word' id='word_1_205' title='bbox 575 3032 733 3116; x_wconf 85' lang='grc' dir='ltr'><strong><em>ίκκλησίας</em></strong></span> <span class='ocrx_word' id='word_1_206' title='bbox 762 3033 977 3118; x_wconf 81' lang='lat' dir='ltr'><strong>exprimetur,</strong></span> <span class='ocrx_word' id='word_1_207' title='bbox 1007 3030 1178 3097; x_wconf 88' lang='lat' dir='ltr'><strong>admodum</strong></span> <span class='ocrx_word' id='word_1_208' title='bbox 1202 3033 1334 3100; x_wconf 90' lang='lat' dir='ltr'><strong>dubium</strong></span> <span class='ocrx_word' id='word_1_209' title='bbox 1356 3041 1422 3112; x_wconf 81' lang='lat' dir='ltr'><strong>est3</strong></span> 
     </span>
     <span class='ocr_line' id='line_1_26' title="bbox 284 3133 1421 3221; baseline 0.004 -24"><span class='ocrx_word' id='word_1_210' title='bbox 284 3134 472 3220; x_wconf 83' lang='lat' dir='ltr'><strong>videturque</strong></span> <span class='ocrx_word' id='word_1_211' title='bbox 495 3136 601 3219; x_wconf 88' lang='lat' dir='ltr'><strong>potius</strong></span> <span class='ocrx_word' id='word_1_212' title='bbox 624 3135 668 3200; x_wconf 89' lang='lat' dir='ltr'><strong>eis</strong></span> <span class='ocrx_word' id='word_1_213' title='bbox 685 3133 922 3200; x_wconf 86' lang='lat' dir='ltr'><strong>assentiendum</strong></span> <span class='ocrx_word' id='word_1_214' title='bbox 947 3155 1016 3200; x_wconf 87' lang='lat' dir='ltr'><strong>esso</strong></span> <span class='ocrx_word' id='word_1_215' title='bbox 1038 3134 1093 3220; x_wconf 90' lang='lat' dir='ltr'><strong>qui</strong></span> <span class='ocrx_word' id='word_1_216' title='bbox 1107 3134 1214 3200; x_wconf 91' lang='lat' dir='ltr'><strong>loonm</strong></span> <span class='ocrx_word' id='word_1_217' title='bbox 1237 3143 1421 3221; x_wconf 89' lang='lat' dir='ltr'><strong>corruptum</strong></span> 
     </span>
     <span class='ocr_line' id='line_1_27' title="bbox 284 3236 1421 3324; baseline 0.002 -22"><span class='ocrx_word' id='word_1_218' title='bbox 284 3237 425 3303; x_wconf 86' lang='lat' dir='ltr'><strong>iudicant</strong></span> <span class='ocrx_word' id='word_1_219' title='bbox 448 3236 611 3323; x_wconf 84' lang='lat' dir='ltr'><strong>verbaque</strong></span> <span class='ocrx_word' id='word_1_220' title='bbox 641 3237 680 3304; x_wconf 88' lang='lat' dir='ltr'><strong>de</strong></span> <span class='ocrx_word' id='word_1_221' title='bbox 710 3238 807 3303; x_wconf 88' lang='lat' dir='ltr'><strong>rebus</strong></span> <span class='ocrx_word' id='word_1_222' title='bbox 836 3238 868 3301; x_wconf 93' lang='lat' dir='ltr'><strong>in</strong></span> <span class='ocrx_word' id='word_1_223' title='bbox 891 3239 1041 3302; x_wconf 87' lang='lat' dir='ltr'><strong>contione</strong></span> <span class='ocrx_word' id='word_1_224' title='bbox 1070 3240 1149 3303; x_wconf 85' lang='lat' dir='ltr'><strong>sctis</strong></span> <span class='ocrx_word' id='word_1_225' title='bbox 1174 3240 1349 3324; x_wconf 87' lang='lat' dir='ltr'><strong>accipiunt,</strong></span> <span class='ocrx_word' id='word_1_226' title='bbox 1381 3239 1421 3304; x_wconf 89' lang='lat' dir='ltr'><strong>dc</strong></span> 
     </span>
     <span class='ocr_line' id='line_1_28' title="bbox 285 3340 1423 3431; baseline 0.003 -26"><span class='ocrx_word' id='word_1_227' title='bbox 285 3340 401 3428; x_wconf 91' lang='lat' dir='ltr'><strong>quibus</strong></span> <span class='ocrx_word' id='word_1_228' title='bbox 423 3341 544 3408; x_wconf 87' lang='lat' dir='ltr'><strong>scilicet</strong></span> <span class='ocrx_word' id='word_1_229' title='bbox 572 3364 606 3406; x_wconf 88' lang='lat' dir='ltr'><strong>rc</strong></span> <span class='ocrx_word' id='word_1_230' title='bbox 635 3342 801 3408; x_wconf 84' lang='lat' dir='ltr'><strong>notissima</strong></span> <span class='ocrx_word' id='word_1_231' title='bbox 823 3350 855 3407; x_wconf 87' lang='lat' dir='ltr'><strong>ct</strong></span> <span class='ocrx_word' id='word_1_232' title='bbox 878 3343 1039 3408; x_wconf 88' lang='lat' dir='ltr'><strong>cotidiene</strong></span> <span class='ocrx_word' id='word_1_233' title='bbox 1062 3343 1158 3408; x_wconf 92' lang='lat' dir='ltr'><strong>homo</strong></span> <span class='ocrx_word' id='word_1_234' title='bbox 1181 3345 1301 3431; x_wconf 87' lang='lat' dir='ltr'><strong>loquax</strong></span> <span class='ocrx_word' id='word_1_235' title='bbox 1325 3343 1423 3409; x_wconf 86' lang='lat' dir='ltr'><strong>verbe</strong></span> 
     </span>
     <span class='ocr_line' id='line_1_29' title="bbox 283 3443 1422 3531; baseline 0.003 -23"><span class='ocrx_word' id='word_1_236' title='bbox 283 3443 394 3509; x_wconf 84' lang='lat' dir='ltr'><strong>iaciat:</strong></span> <span class='ocrx_word' id='word_1_237' title='bbox 417 3449 453 3508; x_wconf 86' lang='lat' dir='ltr'><strong>ut</strong></span> <span class='ocrx_word' id='word_1_238' title='bbox 486 3444 686 3510; x_wconf 80' lang='lat' dir='ltr'><strong>scribendum</strong></span> <span class='ocrx_word' id='word_1_239' title='bbox 716 3447 758 3510; x_wconf 89' lang='lat' dir='ltr'><strong>sit</strong></span> <span class='ocrx_word' id='word_1_240' title='bbox 786 3466 811 3510; x_wconf 86' lang='lat' dir='ltr'><strong>e.</strong></span> <span class='ocrx_word' id='word_1_241' title='bbox 842 3467 873 3531; x_wconf 78' lang='lat' dir='ltr'><strong>g.</strong></span> <span class='ocrx_word' id='word_1_242' title='bbox 904 3451 953 3511; x_wconf 85' lang='grc' dir='ltr'><strong>καί</strong></span> <span class='ocrx_word' id='word_1_243' title='bbox 984 3447 1160 3529; x_wconf 75' lang='grc' dir='ltr'><strong><em>πυθόμενος</em></strong></span> <span class='ocrx_word' id='word_1_244' title='bbox 1186 3445 1224 3512; x_wconf 82' lang='grc' dir='ltr'><strong><em>τοί</em></strong></span> <span class='ocrx_word' id='word_1_245' title='bbox 1247 3445 1320 3530; x_wconf 81' lang='grc' dir='ltr'><strong>(ἀπὸ</strong></span> <span class='ocrx_word' id='word_1_246' title='bbox 1351 3447 1422 3531; x_wconf 83' lang='grc' dir='ltr'><strong><em>τῆ)ς</em></strong></span> 
     </span>
     <span class='ocr_line' id='line_1_30' title="bbox 286 3545 455 3631; baseline 0.006 -20"><span class='ocrx_word' id='word_1_247' title='bbox 286 3545 455 3631; x_wconf 83' lang='grc' dir='ltr'><strong><em>ι’κκλησίος.</em></strong></span> 
     </span>
    </p>

    <p class='ocr_par' dir='ltr' id='par_1_5' title="bbox 284 3649 1419 3842">
     <span class='ocr_line' id='line_1_31' title="bbox 389 3649 1419 3738; baseline 0.002 -24"><span class='ocrx_word' id='word_1_248' title='bbox 389 3649 502 3736; x_wconf 89' lang='lat' dir='ltr'><strong>Neque</strong></span> <span class='ocrx_word' id='word_1_249' title='bbox 533 3660 642 3717; x_wconf 88' lang='lat' dir='ltr'><strong>temon</strong></span> <span class='ocrx_word' id='word_1_250' title='bbox 672 3673 802 3738; x_wconf 86' lang='lat' dir='ltr'><strong>prorsus</strong></span> <span class='ocrx_word' id='word_1_251' title='bbox 830 3652 986 3718; x_wconf 87' lang='lat' dir='ltr'><strong>infinitam</strong></span> <span class='ocrx_word' id='word_1_252' title='bbox 1015 3654 1113 3718; x_wconf 87' lang='lat' dir='ltr'><strong>luisse</strong></span> <span class='ocrx_word' id='word_1_253' title='bbox 1142 3651 1419 3720; x_wconf 88' lang='lat' dir='ltr'><strong>convocandorum</strong></span> 
     </span>
     <span class='ocr_line' id='line_1_32' title="bbox 284 3753 1121 3842; baseline 0.002 -23"><span class='ocrx_word' id='word_1_254' title='bbox 284 3753 485 3819; x_wconf 87' lang='lat' dir='ltr'><strong>comit-iorum</strong></span> <span class='ocrx_word' id='word_1_255' title='bbox 507 3753 667 3820; x_wconf 88' lang='lat' dir='ltr'><strong>licentiam</strong></span> <span class='ocrx_word' id='word_1_256' title='bbox 690 3757 833 3842; x_wconf 88' lang='lat' dir='ltr'><strong>sequitur</strong></span> <span class='ocrx_word' id='word_1_257' title='bbox 856 3779 897 3822; x_wconf 89' lang='lat' dir='ltr'><strong>ex</strong></span> <span class='ocrx_word' id='word_1_258' title='bbox 920 3757 1007 3824; x_wconf 89' lang='lat' dir='ltr'><strong>hisce</strong></span> <span class='ocrx_word' id='word_1_259' title='bbox 1028 3759 1121 3823; x_wconf 76' lang='lat' dir='ltr'><strong>looisz</strong></span> 
     </span>
    </p>
   </div>
   <div class='ocr_carea' id='block_1_3' title="bbox 282 4011 1467 4292">
    <p class='ocr_par' dir='ltr' id='par_1_6' title="bbox 282 4011 1467 4292">
     <span class='ocr_line' id='line_1_33' title="bbox 285 4011 1419 4117; baseline 0.004 -17"><span class='ocrx_word' id='word_1_260' title='bbox 285 4045 392 4100; x_wconf 84' lang='lat' dir='ltr'><strong>Peudia</strong></span> <span class='ocrx_word' id='word_1_261' title='bbox 411 4061 525 4114; x_wconf 82' lang='lat' dir='ltr'><strong>vespero</strong></span> <span class='ocrx_word' id='word_1_262' title='bbox 549 4049 778 4103; x_wconf 76' lang='lat' dir='ltr'><strong>celebrabantur:</strong></span> <span class='ocrx_word' id='word_1_263' title='bbox 802 4049 838 4101; x_wconf 83' lang='lat' dir='ltr'><strong>oi.</strong></span> <span class='ocrx_word' id='word_1_264' title='bbox 857 4050 888 4101; x_wconf 85' lang='grc' dir='ltr'><strong>Δ.</strong></span> <span class='ocrx_word' id='word_1_265' title='bbox 908 4048 1057 4101; x_wconf 77' lang='lat' dir='ltr'><strong>Mommsen</strong></span> <span class='ocrx_word' id='word_1_266' title='bbox 1077 4011 1171 4100; x_wconf 53' lang='lat' dir='ltr'><strong>Heortl</strong></span> <span class='ocrx_word' id='word_1_267' title='bbox 1190 4065 1216 4117; x_wconf 93' lang='lat' dir='ltr'><strong>p.</strong></span> <span class='ocrx_word' id='word_1_268' title='bbox 1234 4049 1294 4104; x_wconf 77' lang='lat'><strong>³95.</strong></span> <span class='ocrx_word' id='word_1_269' title='bbox 1330 4050 1419 4104; x_wconf 84' lang='lat' dir='ltr'><strong>Nocte</strong></span> 
     </span>
     <span class='ocr_line' id='line_1_34' title="bbox 282 4131 1467 4201; baseline 0.006 -16"><span class='ocrx_word' id='word_1_270' title='bbox 282 4133 431 4201; x_wconf 78' lang='lat' dir='ltr'><strong>praeterita</strong></span> <span class='ocrx_word' id='word_1_271' title='bbox 456 4149 516 4189; x_wconf 87' lang='lat' dir='ltr'><strong>oum</strong></span> <span class='ocrx_word' id='word_1_272' title='bbox 546 4138 639 4189; x_wconf 81' lang='lat' dir='ltr'><strong>stetim</strong></span> <span class='ocrx_word' id='word_1_273' title='bbox 667 4135 711 4190; x_wconf 87' lang='lat' dir='ltr'><strong>die</strong></span> <span class='ocrx_word' id='word_1_274' title='bbox 741 4139 919 4192; x_wconf 84' lang='lat' dir='ltr'><strong>illucescente</strong></span> <span class='ocrx_word' id='word_1_275' title='bbox 945 4138 1040 4190; x_wconf 86' lang='lat' dir='ltr'><strong>contio</strong></span> <span class='ocrx_word' id='word_1_276' title='bbox 1067 4138 1231 4201; x_wconf 85' lang='lat' dir='ltr'><strong>haberetur,</strong></span> <span class='ocrx_word' id='word_1_277' title='bbox 1258 4137 1367 4191; x_wconf 84' lang='lat' dir='ltr'><strong>Pendia</strong></span> <span class='ocrx_word' id='word_1_278' title='bbox 1394 4145 1421 4191; x_wconf 82' lang='lat' dir='ltr'><strong>et</strong></span> <span class='ocrx_word' id='word_1_279' title='bbox 1459 4131 1467 4138; x_wconf 85' lang='grc'>’</span> 
     </span>
     <span class='ocr_line' id='line_1_35' title="bbox 285 4219 1419 4292; baseline 0.005 -21"><span class='ocrx_word' id='word_1_280' title='bbox 285 4219 377 4273; x_wconf 88' lang='lat' dir='ltr'><strong>oontio</strong></span> <span class='ocrx_word' id='word_1_281' title='bbox 395 4219 492 4276; x_wconf 83' lang='lat' dir='ltr'><strong>eodem</strong></span> <span class='ocrx_word' id='word_1_282' title='bbox 511 4220 556 4274; x_wconf 89' lang='lat' dir='ltr'><strong>dio</strong></span> <span class='ocrx_word' id='word_1_283' title='bbox 574 4222 669 4275; x_wconf 84' lang='lat' dir='ltr'><strong>habits</strong></span> <span class='ocrx_word' id='word_1_284' title='bbox 688 4227 759 4277; x_wconf 84' lang='lat' dir='ltr'><strong>runt.</strong></span> <span class='ocrx_word' id='word_1_285' title='bbox 777 4225 909 4277; x_wconf 83' lang='lat' dir='ltr'><strong>Similiter</strong></span> <span class='ocrx_word' id='word_1_286' title='bbox 926 4223 1027 4277; x_wconf 86' lang='lat' dir='ltr'><strong>dictum</strong></span> <span class='ocrx_word' id='word_1_287' title='bbox 1040 4225 1070 4290; x_wconf 72' lang='grc' dir='ltr'><strong>η’,</strong></span> <span class='ocrx_word' id='word_1_288' title='bbox 1084 4223 1198 4292; x_wconf 60' lang='lat' dir='ltr'><strong>iurasses</strong></span> <span class='ocrx_word' id='word_1_289' title='bbox 1216 4225 1293 4278; x_wconf 87' lang='lat' dir='ltr'><strong>Dem.</strong></span> <span class='ocrx_word' id='word_1_290' title='bbox 1307 4223 1347 4286; x_wconf 85' lang='grc'><strong>18,</strong></span> <span class='ocrx_word' id='word_1_291' title='bbox 1361 4224 1419 4280; x_wconf 82' lang='grc'><strong>169.</strong></span> 
     </span>
    </p>
   </div>
   <div class='ocr_carea' id='block_1_4' title="bbox 282 4307 1421 4450">
    <p class='ocr_par' dir='ltr' id='par_1_7' title="bbox 282 4307 1421 4450">
     <span class='ocr_line' id='line_1_36' title="bbox 370 4307 1421 4379; baseline 0.007 -20"><span class='ocrx_word' id='word_1_292' title='bbox 370 4311 379 4344; x_wconf 87' lang='lat'><strong>¹</strong></span> <span class='ocrx_word' id='word_1_293' title='bbox 399 4307 434 4361; x_wconf 87' lang='grc' dir='ltr'><strong><em>οί.</em></strong></span> <span class='ocrx_word' id='word_1_294' title='bbox 446 4308 618 4362; x_wconf 84' lang='lat' dir='ltr'><strong>Sohosmsnn</strong></span> <span class='ocrx_word' id='word_1_295' title='bbox 629 4312 723 4378; x_wconf 76' lang='lat' dir='ltr'><strong>Antiq.</strong></span> <span class='ocrx_word' id='word_1_296' title='bbox 738 4311 751 4363; x_wconf 96' lang='lat'>1</span> <span class='ocrx_word' id='word_1_297' title='bbox 769 4309 836 4376; x_wconf 73' lang='lat'><strong>4203</strong></span> <span class='ocrx_word' id='word_1_298' title='bbox 855 4311 996 4365; x_wconf 86' lang='lat' dir='ltr'><strong>Hermsnu</strong></span> <span class='ocrx_word' id='word_1_299' title='bbox 1008 4314 1072 4364; x_wconf 77' lang='lat' dir='ltr'><strong>Ant.</strong></span> <span class='ocrx_word' id='word_1_300' title='bbox 1085 4313 1160 4379; x_wconf 85' lang='lat' dir='ltr'><strong>publ.</strong></span> <span class='ocrx_word' id='word_1_301' title='bbox 1172 4309 1224 4378; x_wconf 64' lang='lat'><strong>1⁸5</strong></span> <span class='ocrx_word' id='word_1_302' title='bbox 1240 4310 1304 4378; x_wconf 76' lang='lat'><strong>13⁰3</strong></span> <span class='ocrx_word' id='word_1_303' title='bbox 1322 4311 1421 4366; x_wconf 80' lang='lat' dir='ltr'><strong>Hartel</strong></span> 
     </span>
     <span class='ocr_line' id='line_1_37' title="bbox 282 4391 629 4450; baseline -0.009 -2"><span class='ocrx_word' id='word_1_304' title='bbox 282 4391 353 4448; x_wconf 79' lang='lat' dir='ltr'><strong>sud.</strong></span> <span class='ocrx_word' id='word_1_305' title='bbox 371 4393 513 4448; x_wconf 79' lang='lat' dir='ltr'><strong>Demosth.</strong></span> <span class='ocrx_word' id='word_1_306' title='bbox 531 4393 570 4448; x_wconf 91' lang='lat'><strong>11.</strong></span> <span class='ocrx_word' id='word_1_307' title='bbox 586 4394 629 4450; x_wconf 79' lang='lat'><strong>64.</strong></span> 
     </span>
    </p>
   </div>
   <div class='ocr_carea' id='block_1_5' title="bbox 0 0 1634 4924">
    <p class='ocr_par' dir='ltr' id='par_1_8' title="bbox 0 0 1634 4924">
     <span class='ocr_line' id='line_1_38' title="bbox 0 0 1634 4924; baseline 0 1"><span class='ocrx_word' id='word_1_308' title='bbox 0 0 1634 4924; x_wconf 95' lang='lat' dir='ltr'><strong> </strong></span> 
     </span>
    </p>
   </div>
  </div>
 </body>
</html>
