3248 4928
646 429 686 435 --
735 391 820 474 ιιοι]
866 429 908 438 -
1144 498 1145 502 .
1305 395 1345 456 sa

296 577 332 642 P.
360 580 416 642 381
446 578 525 664 περὶ
541 582 730 661 Σιβυυτίου.
763 581 905 663 μελέτας
920 604 956 646 τε
971 582 1028 646 καὶ
1052 579 1233 660 ἐπιστολάς
1256 583 1347 650 finxit

211 679 369 760 Eudoaia3
394 701 499 764 neque
522 681 606 747 enim
630 683 697 748 ulla
719 690 885 769 praeterea
907 684 1019 750 horum
1041 684 1205 750 titulorum
1228 686 1346 753 mantio

209 783 372 850 invenitur
393 791 425 850 et
446 783 560 850 eadem
582 784 616 851 in
638 786 749 870 glossa
771 783 951 870 Σιβύυοιου
981 807 1051 852 cum
1082 789 1161 855 solis
1183 790 1347 856 veteribus

210 886 405 953 editionibus
427 888 570 955 nominat
591 889 778 975 Sibyrtium.
827 891 877 957 Ol.
904 910 1002 976 supra
1022 914 1055 977 p.
1081 897 1133 957 77.
1174 892 1186 979 ΙΙ
1223 895 1260 960 In
1290 915 1346 960 ea-

125 1029 128 1042 ·
211 991 284 1057 dem
318 1013 393 1078 pag.
430 1014 493 1060 nen
525 994 667 1077 μελέτας
697 989 756 1062 οὐκ
790 988 906 1082 ὀλίγας
940 996 1045 1062 Siricii
1079 997 1164 1064 vitae
1197 1017 1216 1064 e
1246 998 1347 1064 Suida

211 1102 359 1183 sumptae
381 1096 480 1181 addit,
508 1098 567 1165 sed
588 1100 730 1182 μελέτας
750 1101 885 1167 aSuida
900 1100 1008 1184 habet,
1036 1094 1095 1166 οὐκ
1111 1094 1227 1186 ὀλίγας
1242 1101 1343 1186 lingit.

296 1219 332 1283 P.
348 1221 409 1284 382
431 1221 511 1304 περὶ
523 1221 743 1288 Σαλουστίου.
769 1223 848 1308 περὶ
861 1229 1024 1308 πυρετῶν.
1050 1224 1130 1309 περὶ
1141 1232 1347 1312 κατασκευῆς

212 1329 273 1387 τοῦ
289 1315 486 1408 ἀνθρώπου.
512 1325 569 1389 καὶ
585 1319 681 1390 ἄλλα.
728 1327 819 1393 Haec
840 1347 903 1392 nou
925 1325 1017 1393 finxit
1037 1325 1190 1412 lindesia,
1217 1329 1286 1406 sed,
1311 1337 1347 1395 ut

212 1427 304 1508 solet,
332 1427 372 1492 de
395 1426 460 1492 alio
483 1427 607 1494 medico
629 1429 737 1496 nescio
759 1450 821 1513 quo
843 1429 887 1496 ad
908 1429 994 1495 hunc
1014 1431 1187 1516 transtulit,
1213 1438 1248 1497 ut
1262 1433 1345 1499 iusto

209 1529 387 1595 breviorem
409 1531 529 1598 Suidae
552 1533 694 1617 glossam
717 1533 776 1600 rite
798 1533 951 1600 librorum
973 1533 1079 1600 indica
1101 1541 1278 1620 ornarat*).

295 1633 333 1699 In
356 1633 468 1701 eadem
491 1657 567 1720 pag.
589 1630 662 1702 Ἰνώ
684 1642 717 1702 et
731 1633 1002 1720 Σαρδανάπαλος
1025 1637 1154 1704 fabulae
1169 1639 1345 1725 Sannyrio-

210 1736 260 1802 nis
283 1737 325 1802 ab
348 1759 413 1804 una
434 1737 578 1827 Eudoeia
600 1739 788 1821 laudantur,
821 1759 900 1828 quos
923 1741 1103 1807 fabularum
1126 1741 1235 1808 titulos
1258 1743 1344 1810 unda

210 1839 390 1925 arripuerit,
416 1843 541 1909 nescire
564 1863 600 1910 sc
623 1843 789 1910 confitetur
810 1843 895 1927 Aug.
912 1844 1061 1910 Mainake
1084 1844 1160 1911 hist.
1178 1846 1248 1911 crit.
1268 1849 1341 1912 263.

210 1943 400 2030 Bernhardy
428 1947 480 2028 lad
503 1946 623 2013 Suidae
646 1947 757 2032 locum]
792 1947 1050 2034 Sardanapalum
1073 1947 1148 2014 inde
1170 1947 1345 2034 proiectum

211 2047 402 2132 suspicatur,
428 2050 514 2135 quod
528 2049 689 2117 Eudociae
704 2051 927 2117 obversaretur
948 2052 1053 2136 γέλως
1069 2049 1259 2138 σαρδάνιος,
1286 2075 1346 2121 nec

212 2148 338 2217 dubitat
360 2153 436 2236 quin
455 2147 527 2220 Ἰνώ
541 2153 643 2220 solam
666 2153 915 2240 dittographiam
937 2155 1023 2222 tituli
1043 2148 1094 2219 Ἰώ
1116 2155 1342 2243 eondneat**).

296 2271 332 2336 P.
360 2273 421 2336 387
445 2273 525 2358 περὶ
548 2273 751 2360 Σωτηρίδου.
800 2271 848 2349 εἰς
862 2267 1013 2360 Ὅμηρον
1039 2275 1282 2341 commentarios
1305 2296 1345 2341 ex
1440 2339 1451 2360 ‚

209 2374 354 2442 eiusdem
382 2375 522 2442 auctoris
552 2376 792 2459 quaestionibus
820 2376 999 2442 Homericis
1028 2398 1046 2443 e
1075 2377 1176 2444 Suida
1205 2378 1345 2446 laudatis

211 2475 370 2544 derivavit
391 2478 554 2546 falsarius.

294 2601 330 2666 P.
357 2602 419 2666 388
442 2602 523 2688 περὶ
545 2605 718 2668 Συνεσίου.
765 2598 885 2686 λόγους
908 2598 1103 2684 βασιλικούς
1125 2602 1231 2686 Suis,
1258 2600 1345 2689 πρὸς

207 2701 385 2790 Ἀρκάὸιον
406 2701 466 2770 τὸν
487 2705 629 2786 βασιλέα
659 2704 752 2770 addit
773 2704 929 2771 Eudocia.
977 2705 1075 2771 Novit
1096 2705 1194 2789 igitur
1216 2706 1343 2791 Synesii

208 2806 249 2872 de
271 2827 370 2892 regno
392 2807 436 2874 ad
457 2808 631 2874 Arcadium
654 2808 831 2874 orationem
853 2828 965 2890 manu,
1000 2815 1034 2875 ut
1056 2809 1198 2892 videtur,
1229 2831 1344 2876 exara-

209 2917 286 2976 tam.
333 2911 416 2976 Nam
439 2911 526 2997 typis
544 2911 706 2996 'Synesius
729 2911 865 2997 primum
888 2911 1066 2996 impressus
1088 2919 1139 2978 est
1160 2935 1191 2978 a.
1221 2917 1312 2980 1553.

294 3032 330 3096 P.
350 3035 411 3094 424
435 3033 515 3116 περὶ
532 3029 689 3118 wadriaco.
716 3033 773 3097 καὶ
788 3030 830 3096 τὰ
844 3029 1035 3114 καλούμενα
1055 3032 1221 3114 Ναξιυκά.
1247 3037 1345 3102 Reate

208 3133 342 3200 adnotat
362 3135 445 3218 Aug.
473 3135 620 3201 Mainake
643 3136 730 3200 anal.
755 3136 849 3201 Alex.
867 3157 901 3221 p.
920 3138 999 3200 352:
1028 3135 1213 3204 »Eudeciae
1235 3146 1344 3206 auoto-

208 3237 335 3303 ritatem
364 3237 447 3304 inter
468 3237 614 3304 Philetas
638 3239 694 3305 Ooi
724 3239 844 3324 scripta
871 3239 968 3305 etiam
990 3236 1032 3303 τὰ
1055 3237 1245 3324 καλούμενα
1273 3248 1345 3306 Να-

208 3338 308 3420 ξιακά
330 3341 498 3408 relerentis
521 3361 613 3408 neme
636 3341 791 3426 obvertet,
817 3341 871 3426 qui
893 3342 978 3408 hanc
999 3343 1161 3410 Eustathii
1183 3365 1345 3410 commen-

207 3445 307 3510 tarios
335 3463 434 3530 saepe
462 3443 504 3510 ad
526 3445 658 3511 verbum
681 3443 891 3530 exscripsisse
913 3446 1103 3513 meminerit.
1114 3471 1128 3506 ι
1172 3447 1222 3514 cf.
1249 3447 1339 3514 Eust.

208 3548 301 3613 Hom.
331 3550 423 3613 1885.

207 3811 279 3861 runt.
317 3807 403 3863 Velut
421 3808 448 3861 in
467 3807 604 3878 Catalogo
623 3808 671 3862 illo
690 3806 846 3863 Veronensi
865 3809 1043 3864 nominantur
1061 3809 1124 3864 libri
1139 3805 1262 3880 Ῥούφου
1279 3809 1342 3879 περὶ

206 3891 371 3965 ὀνομασιῶν
388 3894 435 3948 καὶ
454 3892 525 3948 ἄλλοι
542 3901 572 3950 et
585 3891 710 3968 Ῥούφου
725 3892 861 3965 Ἐφεσίου
880 3893 1036 3965 ὀνομασίαι
1054 3899 1110 3948 τῶν
1127 3898 1177 3948 τοῦ
1191 3891 1344 3967 ἀνθρώπου

206 3999 325 4052 μθρλων.

276 4067 300 4131 *λ
321 4067 352 4122 In
370 4067 508 4137 Cataloge
526 4068 681 4124 Veronensi
702 4068 919 4136 supralaudato
938 4075 1168 4125 commemoratur
1188 4069 1344 4122 Διονυσίου

206 4149 282 4211 τινὸς
300 4154 474 4224 καλουμένου
494 4149 594 4220 ἁπλοῦ,
615 4153 703 4226 Περὶ
723 4158 948 4220 κατασκευῆς
966 4159 1024 4207 τοῦ
1044 4151 1244 4226 ἀνθρώπου.

275 4239 317 4304 “l
338 4241 436 4310 Inique
455 4241 623 4311 reprehensa
640 4241 692 4296 hae
711 4240 886 4312 Bernhardyi
905 4241 1087 4298 adnotatione
1105 4241 1186 4298 fidem
1202 4242 1344 4301 Eudociae

205 4332 332 4398 praestat
350 4325 385 4384 A.
406 4326 488 4382 Daub
506 4327 534 4385 iu
553 4327 623 4386 llus.
645 4326 770 4384 Rhcnuu.
792 4327 838 4384 vol
863 4327 972 4385 XXXV
990 4347 1017 4404 p.
1032 4332 1073 4383 65.
