3248 4928
734 413 819 493 [405]
865 449 908 458 -
1302 415 1344 476 ss

209 597 347 663 centium
369 597 472 664 forma
494 596 679 682 ὄαμάσκιος
707 601 797 666 nasci
826 600 955 666 facilius
986 601 1088 684 potuit
1117 623 1212 685 quum
1236 622 1253 666 e
1277 622 1345 666 ma-

208 701 343 768 iusculis
365 703 478 769 litteris
500 707 802 771 AAMAOKIOO.

294 911 376 977 Tum
399 933 431 996 p.
451 914 491 976 72
508 931 555 995 sq.
582 910 623 976 de
645 912 767 995 aliquot
788 912 908 996 glossis
930 913 998 997 agit
1021 912 1132 994 Flach,
1158 913 1211 979 uhi
1231 933 1345 996 quam-

209 1033 304 1096 quam
327 1015 440 1080 mimm
463 1016 496 1081 in
519 1016 648 1081 modum
672 1035 741 1081 cum
758 1015 860 1081 Suida
883 1016 1037 1100 congruit,
1063 1023 1171 1083 tamen
1192 1017 1346 1100 integrio-

210 1135 275 1182 rem
299 1117 446 1184 videatur
468 1119 611 1185 Eudocia
634 1139 781 1186 servasse
804 1120 960 1206 Hesychii
983 1127 1122 1186 textum:

295 1221 344 1288 De
359 1223 553 1308 Hippocrate
569 1224 634 1290 Coo
657 1223 795 1308 aliisque
817 1224 961 1291 eiusdem
979 1225 1116 1290 nominis
1131 1223 1265 1290 medicis
1280 1225 1347 1289 Eu-

208 1323 318 1408 docia,
351 1347 543 1411 quamquam
573 1327 686 1394 eodem
709 1326 821 1394 ordine
844 1327 1042 1413 singularum
1064 1329 1202 1414 partium
1225 1350 1256 1415 p.
1284 1332 1346 1393 tto

210 1429 341 1496 disserit
362 1437 458 1514 atque
481 1431 615 1516 Suidas,
641 1440 749 1500 tamen
771 1433 915 1499 ordinem
937 1421 1027 1499 illurn
1050 1433 1092 1498 ab
1113 1431 1274 1517 Hesychio
1296 1432 1347 1497 iu-

210 1532 354 1599 stitutum
378 1553 449 1600 asse
473 1543 505 1602 et
528 1556 577 1618 ea,
603 1536 720 1619 quibus
743 1535 861 1601 Suidas
883 1535 1007 1620 plenior
1029 1543 1078 1602 est
1092 1535 1244 1619 Eudocia,
1270 1535 1345 1601 aliis

211 1657 229 1701 e
252 1637 394 1704 fontibus
415 1640 457 1704 ah
480 1659 517 1706 co
539 1639 641 1726 petita
663 1659 750 1723 esse,
781 1660 894 1725 purum
918 1647 950 1706 et
971 1639 1125 1705 intactum
1148 1639 1343 1724 Hesychium

210 1741 252 1806 ab
276 1741 419 1809 Endocia
441 1744 563 1810 servari
585 1743 708 1810 statuit.
748 1743 907 1826 Equidem
923 1749 1027 1809 ulrum
1043 1743 1197 1827 Hesychii
1212 1763 1254 1808 an
1270 1742 1344 1806 Sui-

210 1844 270 1910 dae
291 1847 349 1912 ills
372 1846 450 1912 ordo
473 1848 524 1928 sit,
550 1847 672 1932 ignoro,
698 1847 874 1913 Eudociam
898 1867 967 1914 cum
992 1847 1025 1912 iu
1040 1847 1172 1930 reliquis
1187 1847 1262 1912 vitis
1276 1852 1344 1910 tum

209 1949 242 2014 in
273 1949 333 2015 hac
360 1957 485 2017 veteres
508 1951 627 2018 Suidae
654 1951 813 2018 editiones
835 1951 925 2035 sequi
949 1957 1145 2036 compertum
1169 1951 1272 2016 habeo
1295 1950 1344 2014 his

211 2052 355 2118 indiciis:
387 2051 560 2142 τετάρτην
580 2051 677 2134 τάξιν
700 2053 801 2136 ἐχέτω
825 2053 947 2121 Suidac
970 2055 1060 2136 libri,
1086 2051 1226 2141 τετάρτη
1250 2050 1346 2131 τάξιν

212 2154 313 2238 ἐχέτω
335 2166 412 2224 vett.
438 2158 511 2225 edd.
543 2158 733 2243 luon'solum
748 2157 847 2242 Med.)
875 2165 907 2223 et
922 2157 1005 2222 Eud.
1035 2159 1039 2243 Ι
1063 2152 1231 2244 Ῥωξάνην
1252 2159 1279 2222 Α
1304 2157 1340 2238 V,

208 2254 367 2348 Ῥοξάνην
397 2263 485 2346 vulg.
518 2269 551 2329 et
578 2262 661 2327 Eud.
707 2262 712 2350 Ι
749 2256 988 2347 Ἱττττοκράται
1017 2258 1077 2327 δύο
1106 2261 1226 2326 Suidac
1256 2260 1341 2340 libri,

207 2357 462 2452 Ἴττττοκράτεις
486 2364 545 2432 δύο
569 2366 656 2450 vulg.
683 2372 716 2432 ol
737 2365 820 2432 Eud.
1017 2363 1024 2372 ’

296 2470 477 2536 Polemonis
501 2470 599 2536 vitam
622 2491 654 2554 p.
675 2473 737 2534 354
755 2491 772 2536 e
788 2469 888 2535 b‘uida
911 2469 1103 2554 descriptam
1127 2468 1344 2554 interpolatori

211 2573 320 2638 tribuit
342 2575 458 2656 Flach,
482 2574 644 2658 quianon
667 2573 874 2658 Hesychiana
896 2581 961 2654 est,
988 2574 1087 2639 sede
1110 2573 1258 2638 Philostr.
1285 2572 1340 2637 rit.

210 2677 225 2739 l
249 2679 289 2738 25
311 2677 457 2742 oriunda.
498 2677 615 2744 Verum
638 2697 702 2760 qua
725 2677 765 2744 de
787 2697 888 2744 causa
909 2697 966 2743 eas
988 2677 1115 2760 glossas
1137 2676 1345 2760 interpolato-

167 2847 172 2856 ,
211 2800 261 2845 res
284 2801 302 2845 c
326 2779 426 2846 Suida
448 2781 481 2846 in
505 2780 671 2846 violarinm
696 2781 897 2847 transtulisse
920 2787 1085 2866 putemus,
1115 2799 1196 2864 quas
1218 2799 1281 2844 uon
1303 2799 1343 2844 ex

211 2883 371 2968 Hesychio
386 2884 452 2968 ille,
479 2883 538 2950 sed
560 2905 578 2950 e
601 2884 738 2950 Scholiis
753 2885 977 2970 Aristophanis
999 2891 1056 2950 aut
1073 2883 1264 2948 Philostrato
1286 2883 1344 2948 de·

211 2987 348 3073 scripsit,
374 3007 437 3054 non
460 2988 625 3071 intellego.

298 3091 402 3157 lltiam
426 3091 466 3157 de
490 3089 624 3176 Sibyllin
648 3111 679 3176 p.
707 3093 769 3156 383
791 3091 998 3176 integriorem
1021 3089 1194 3159 secundum
1217 3090 1344 3154 Flochii

211 3195 392 3279 opinionem
415 3195 558 3261 Eudocia
588 3195 729 3262 servavit
757 3195 954 3280 Hesychium
983 3215 1079 3278 quarn
1103 3193 1232 3260 Suidas.
1279 3193 1344 3258 Sed

212 3305 296 3364 recte
326 3300 492 3366 oblocutus
520 3307 569 3366 est
591 3301 627 3364 E.
654 3300 762 3365 Maass
787 3299 820 3364 in
843 3299 954 3366 libello
977 3299 1017 3365 de
1040 3298 1237 3384 Sibyllarum
1260 3297 1345 3362 indi-

211 3402 300 3468 cibus
323 3401 592 3489 Gryphiswaldae
614 3425 646 3470 a.
675 3405 755 3468 1879
778 3403 895 3469 emisso
917 3423 949 3487 p.
969 3407 1009 3467 55
1032 3402 1108 3468 adn.
1131 3405 1205 3466 116:
1242 3401 1342 3467 »Cum

211 3505 353 3571 Eudocia
375 3505 409 3570 in
430 3507 577 3590 catalogo
592 3506 788 3590 Sibyllarum
811 3505 906 3572 certis
927 3505 1067 3572 numeris
1082 3513 1200 3588 utatur,
1227 3503 1345 3570 Suidas

211 3627 273 3672 non
302 3608 397 3694 item,
430 3609 530 3676 Flach
560 3629 709 3676 numeros
739 3617 849 3676 censet
878 3609 1007 3676 eosdem
1034 3610 1098 3675 iam
1127 3609 1160 3674 in
1183 3606 1344 3691 Hesychio

212 3711 330 3796 fuisse,
365 3713 451 3779 unde
473 3713 650 3780 Eudociam
680 3733 805 3798 quoque
835 3713 984 3779 hausisse
1007 3713 1076 3778 sine
1097 3711 1224 3778 idoneis
1247 3731 1345 3795 argu-

213 3817 327 3883 mentis
343 3817 536 3902 persuaderc
552 3817 684 3883 studuit.
711 3817 800 3883 Mitto
815 3805 899 3883 nnnc
913 3823 1114 3900 argumenta,
1133 3837 1199 3882 rem
1211 3835 1340 3898 quaero.

211 3921 342 4004 Ignorat
364 3922 447 3988 enim
472 3923 572 3987 urach
588 3921 764 3988 Clementis
791 3919 1021 4006 (Alexandrini)
1047 3921 1186 3988 indicem
1209 3919 1343 3986 Suiduni

210 4023 348 4090 adfinem
375 4076 495 4090 .....
535 4025 603 4090 lam
627 4045 702 4090 vero
725 4032 758 4090 ct
779 4024 866 4109 apud
882 4024 1015 4090 Suidam
1038 4031 1072 4091 ct
1092 4023 1179 4110 aliud
1196 4023 1344 4089 Clemen-

210 4133 273 4192 tem
298 4133 385 4194 extat
406 4125 605 4214 Colophonis
627 4127 754 4213 Sibylla
782 4127 813 4210 (i.
839 4148 867 4194 e.
894 4127 981 4213 apud
1003 4127 1158 4214 Hesychii
1181 4135 1213 4192 et
1234 4133 1344 4192 aucto-

211 4251 277 4297 rem
300 4237 332 4297 et
353 4234 622 4320 compilatoreml:
655 4231 773 4298 frustra
794 4232 893 4316 igitur
914 4231 947 4296 in
970 4231 1132 4317 Hesychio
1160 4231 1203 4314 let
1223 4231 1255 4296 in
1277 4231 1345 4295 He-

212 4335 366 4418 sychiana
388 4337 536 4422 epitomaj
566 4335 796 4422 Colophonium
820 4341 917 4420 negat
940 4337 1084 4403 extitisse
1106 4335 1207 4401 Flach
1229 4357 1261 4420 p.
1288 4337 1340 4398 73.
