3244 4932
313 465 353 526 10
832 423 933 548 [1481

310 662 431 720 tectum
452 676 547 740 quem
571 655 680 720 dicunt
701 655 762 720 nisi
785 678 803 720 e
827 655 908 721 thesi
928 677 992 720 non
1007 679 1102 742 posse
1117 659 1270 744 incipere;
1295 660 1348 724 ubi
1363 662 1442 724 arsis

309 759 433 824 initium
455 759 551 824 faciet
575 759 698 840 cantici,
726 780 797 825 earn
828 781 899 826 esse
927 761 1158 846 seiungendum
1187 772 1337 848 tanquam
1367 785 1444 828 nns-

310 863 422 944 crusin‚
445 885 540 948 quarn
562 869 721 929 nostrates
752 864 861 928 dieunt
883 864 1033 947 Austokt.
1078 866 1213 930 Prorsus
1242 889 1318 932 vero
1348 861 1444 932 aliam

309 967 407 1032 fuisse
428 969 585 1033 rationem
608 975 762 1050 veterum,
787 970 840 1055 qui
863 991 1013 1034 numeros
1029 971 1073 1034 ite
1089 973 1186 1036 mensi
1202 973 1274 1052 sint,
1296 979 1332 1036 ut
1346 971 1443 1037 modo

309 1094 329 1137 s
357 1073 439 1138 thesi
469 1073 565 1138 modo
594 1074 635 1138 ab
665 1075 727 1138 ersi
755 1074 930 1160 inciperent
959 1081 1093 1158 tectum,
1124 1084 1250 1161 operte,
1281 1083 1316 1141 ut
1343 1075 1443 1141 ambi·

309 1197 408 1260 guum
431 1197 501 1242 esse
524 1199 588 1242 non
616 1179 726 1262 possit,
756 1176 975 1243 demonstrent
1005 1199 1087 1264 quoe
1117 1189 1243 1245 veteres
1272 1179 1444 1266 rhythmici

309 1280 507 1345 tradiderunt
535 1281 575 1346 de
603 1281 781 1346 differentia
808 1281 924 1368 pedum
954 1282 1204 1370 rhythmicorum
1231 1304 1289 1368 per
1317 1284 1443 1369 opposi-

308 1385 428 1452 tionem
456 1385 540 1449 fecto
570 1383 716 1472 (διαφσρδ
745 1385 896 1452 ἀντιθίσιι
930 1388 997 1453 sive
1028 1390 1094 1451 κατ’
1124 1387 1316 1472 ἀντίθεσιν),
1347 1411 1443 1474 qnam

310 1491 452 1554 ultimum
473 1510 514 1555 ex
537 1498 659 1575 septem
683 1511 762 1576 quus
785 1491 967 1556 discernunt
983 1491 1170 1558 differentiis
1187 1491 1340 1574 (μεγέθει,
1356 1491 1443 1576 γένει,

310 1592 423 1676 ἄλογοι,
453 1591 617 1659 ἀσύνθετα
646 1599 694 1660 καὶ
724 1594 880 1674 σύνθετοι,
912 1595 1061 1678 διαιρέσει,
1096 1595 1239 1682 σχήματι,
1270 1595 1442 1680 ἀντιθέσει)

309 1704 505 1764 enumerent.

412 1802 554 1868 Aristeu.
578 1801 676 1886 ῥυθμ.
700 1827 793 1886 στοιχ.
818 1805 881 1868 300
905 1803 985 1868 Mor.
1010 1827 1050 1870 ex
1074 1803 1272 1890 Morquerdti
1295 1805 1442 1872 emendo-

309 1909 396 1974 tione
418 1907 500 1972 hono
522 1907 731 1972 differentiam
754 1908 798 1972 sic
820 1908 968 1992 exponit:
998 1907 1173 1974 Ἀντιθέσει
1200 1909 1232 1973 δὲ
1254 1907 1444 1995 διαφέρουσιν

309 2009 449 2092 ἀλλήλων
471 2010 499 2075 oi
522 2007 575 2075 τὸν
595 2007 658 2073 ὄνοι
672 2009 785 2094 χρόνον
804 2009 879 2093 πρδς
900 2012 955 2075 τόν
977 2009 1060 2076 κοίτου
1084 2011 1288 2092 ἀντικείμενον
1309 2011 1441 2096 ἔχοντες.

301 2113 405 2180 Ἔσται
432 2113 509 2199 ddi]
540 2112 672 2200 διαφοροί
695 2113 774 2199 αὕτη
797 2117 828 2179 ἐν
848 2123 910 2194 τοῖς
933 2115 1008 2194 ἴσοις
1029 2117 1096 2198 μὲν,
1127 2114 1230 2180 ἄνισον
1258 2117 1289 2180 δὲ
1308 2115 1440 2194 <τάξιν>

309 2218 409 2304 ἔχουσι
430 2226 493 2284 τῶν
515 2217 578 2283 ἄνω
598 2217 718 2303 χρόνων
737 2221 834 2293 (καί)
855 2221 937 2284 τῶν1
961 2219 1067 2284 ιιιίτοι.2

412 2323 492 2388 Cum
509 2323 558 2388 his
576 2325 774 2390 consentiunt
786 2345 826 2388 ea
840 2345 921 2410 quoe
937 2327 1033 2390 ceteri
1047 2324 1215 2410 rhythmici
1231 2325 1441 2392 tradiderunt.

311 2428 392 2494 Sunt
419 2447 495 2492 vero
520 2427 615 2492 haec:
821 2511 824 2516 1

413 2531 544 2597 Aristid.
575 2553 605 2616 p.
634 2535 692 2615 51,
722 2535 764 2597 20
792 2533 940 2618 Westph.
970 2531 1088 2617 ίβδόμη
1120 2532 1138 2615 ἡ
1169 2531 1245 2598 κατα
1272 2532 1442 2612 ἀντίθεσιν,

309 2634 386 2700 ὅταν
407 2634 464 2700 διίο
486 2639 590 2700 ποδοῖν
618 2637 855 2718 λαμβανομένων
884 2637 900 2702 ὁ
931 2638 987 2720 μὲν
1016 2637 1074 2726 ἔχῃ
1097 2635 1151 2702 τόν
1179 2639 1305 2719 μείζονα
1332 2637 1443 2722 χρόνον

308 2737 550 2822 καθηγούμενον,
573 2737 718 2820 ἑπόμενον
741 2741 773 2805 δὲ
794 2739 848 2805 τόν
871 2740 1028 2820 ε’λιίττυνα,
1050 2741 1067 2806 ό
1090 2743 1122 2806 δὲ
1143 2743 1293 2820 ἐναντίοις.

412 2841 504 2906 Mart.
522 2841 599 2928 Cap.
623 2841 663 2907 de
685 2849 773 2929 nupt.
790 2845 874 2910 Phil.
891 2853 924 2911 et
940 2846 1037 2912 Mero.
1053 2846 1103 2910 IX
1125 2869 1156 2931 p.
1173 2848 1244 2924 366,
1261 2849 1281 2909 2
1301 2845 1442 2931 Eyssen-

310 2945 431 3012 hardt:
457 2945 618 3032 „Septima
640 2969 722 3034 quse
741 2971 798 3034 per
814 2951 1047 3035 oppositionem
1064 2953 1099 3014 fit
1113 2951 1145 3015 id
1162 2957 1210 3015 est
1225 2971 1296 3016 cum
1315 2950 1442 3017 duobus

309 3051 443 3137 podibus
466 3053 603 3137 acceptis
627 3075 708 3118 unus
731 3054 829 3118 hebet
845 3055 1000 3139 prolixius
1018 3065 1153 3140 tempus,
1177 3055 1262 3141 quod
1279 3055 1442 3142 praecedit

310 3178 350 3221 ex
373 3154 497 3236 ordine3
520 3158 599 3221 illud
623 3165 728 3223 autem
752 3166 877 3245 tempus
900 3159 985 3244 quod
1001 3159 1177 3245 insequitur
1194 3161 1368 3245 angustius,
1392 3161 1442 3224 rel

309 3283 377 3327 cum
401 3263 671 3348 percontrarium
696 3263 837 3329 ordinem
861 3270 1006 3349 temporo
1028 3264 1190 3350 praedicta
1212 3265 1407 3329 vertuntur.“

410 3365 537 3432 Deinde
552 3367 708 3433 Aristides
725 3368 874 3433 disoemit
886 3369 1024 3433 iambum
1038 3389 1057 3433 a
1069 3369 1219 3433 trochaeo
1234 3375 1269 3432 ut
1280 3367 1440 3433 diversum

309 3491 474 3536 numerum
497 3491 528 3555 p.
544 3473 595 3551 56,
613 3475 629 3535 ί
647 3471 812 3555 westph:
831 3469 878 3534 Ἕν
899 3472 930 3534 δὲ
953 3477 999 3559 τῷ
1021 3473 1153 3558 ἰαμβικῷ
1176 3469 1251 3554 γένει
1274 3469 1367 3535 ἁπλοῖ
1384 3471 1442 3551 μὲν

308 3576 466 3639 πίπτουσιν
495 3575 556 3639 cide
578 3575 705 3660 ῥυθμοί·
730 3574 837 3658 ἴαμβος
860 3578 891 3651 ἐξ
912 3574 1052 3660 ἡμισείας
1074 3574 1190 3658 ἅρσειος
1212 3579 1261 3640 καί
1284 3575 1442 3641 διπλασίου

309 3675 433 3760 θέσεως,
457 3685 595 3761 τροχαῖος
618 3681 649 3742 ἐκ
673 3679 828 3742 διπλασίου
851 3677 968 3756 θέσεως
990 3683 1039 3742 καὶ
1061 3681 1203 3762 βραχείας
1225 3677 1349 3761 ἄρσενος.

412 3779 505 3844 Mart.
529 3779 606 3866 Cup.
630 3803 660 3867 p.
676 3783 749 3862 369,
769 3783 810 3847 26
834 3781 1006 3868 Eyssenh:
1032 3783 1145 3862 „Nunc
1167 3784 1301 3848 iambica
1323 3805 1442 3848 memo·

309 3905 424 3951 remus.
469 3885 507 3948 In
537 3905 599 3970 quo
629 3907 747 3969 genere
775 3888 898 3951 numeri
932 3888 1121 3972 inconpositi
1154 3895 1247 3952 erunt
1280 3893 1441 3973 quattuor,

310 3989 465 4075 conpositi
489 4009 544 4073 per
568 3991 715 4074 copulam
734 3989 807 4070 duo,
838 3999 871 4056 st
894 4011 971 4056 vero
995 4013 1052 4076 per
1075 3991 1240 4076 periodum
1263 3997 1338 4056 sunt
1361 3990 1440 4056 duo·

413 4165 421 4198 ¹
441 4161 605 4232 Musquerdt
623 4164 677 4217 τὸν.

411 4249 422 4283 ¹
445 4249 509 4303 (iod.
538 4248 704 4302 Vaticanus:
737 4249 823 4304 σ’νίσσν
856 4252 884 4303 δὲ
912 4255 995 4320 ἔχουσι
1025 4252 1060 4303 τῶ
1088 4253 1140 4303 circo
1166 4247 1249 4320 χρόνω
1281 4247 1329 4303 τείν
1359 4247 1428 4302 κᾶτα

309 4335 454 4402 Westphsl
474 4333 589 4388 condem
609 4351 718 4388 sensum
736 4336 856 4388 restituit
878 4341 960 4404 etque
979 4335 1142 4404 Morquardt
1160 4336 1283 4388 scribens
1309 4336 1396 4397 δνίσιις
1414 4337 1442 4390 δι

309 4425 392 4498 ἔχουσι
410 4421 456 4475 τόν
474 4424 525 4475 ‹iro›
540 4421 634 4494 χρόνον
652 4429 691 4476 reni
711 4421 758 4475 τόν
775 4419 842 4474 scitu
862 4431 1033 4494 τεταγμένους.
