3238 4930
792 454 884 542 [aar]
1371 463 1407 522 ro

373 649 497 712 Verum
527 645 612 730 quod
641 647 702 713 hoc
730 649 834 712 indice
864 647 1068 734 probavimus
1099 647 1214 710 certius
1246 649 1307 710 iarn
1331 649 1407 714 Dio-

272 751 372 816 medis
401 753 473 816 loco
505 759 536 816 et
566 752 809 835 Porphyrionis,
841 752 924 837 quod
958 771 1054 834 supra
1086 751 1189 827 attuli,
1225 754 1407 820 testimonio

273 862 411 920 constat:
434 856 654 939 inscriptiones
669 857 875 941 graecanicas
900 855 1044 919 codicum
1061 860 1240 918 nostrorum
1256 860 1408 922 memoria

272 959 468 1043 antiquiores
488 980 568 1024 essa.

793 1150 810 1231 s
834 1149 895 1214 m.

376 1287 445 1351 Iam
470 1287 651 1365 videndum,
675 1309 750 1352 num
775 1308 858 1371 quae
882 1308 993 1350 eorum
1023 1286 1202 1372 dequibus
1227 1286 1409 1353 disserimus

276 1392 504 1456 vocabulorum
535 1392 575 1454 ad
606 1393 669 1455 alia
697 1411 824 1476 quoque
854 1390 991 1454 aliorum
1021 1391 1211 1475 scriptorum
1237 1413 1335 1475 opera
1357 1391 1409 1456 dc-

278 1494 434 1580 signauda
457 1496 551 1558 simili
565 1495 605 1558 rvi
628 1517 665 1558 oc
689 1495 818 1558 notione
841 1479 984 1558 adhibita
1014 1495 1084 1557 siut.

381 1597 453 1671 Qua
476 1598 508 1660 iu
532 1617 565 1659 re
588 1603 719 1680 proptor
741 1597 873 1660 formam
899 1604 931 1660 et
955 1617 1047 1659 usum
1074 1595 1231 1659 diversum
1256 1618 1275 1659 a
1299 1599 1412 1662 celcris

276 1702 470 1766 secernimus
508 1701 606 1764 verba
638 1722 721 1785 quae
754 1709 828 1764 suut
864 1701 1036 1783 hymnus
1075 1700 1247 1763 threnus
1283 1723 1411 1785 paean

276 1804 501 1888 palinodia.
553 1803 719 1888 Hymuum
750 1803 791 1866 ad
822 1803 900 1866 deos
924 1801 1125 1867 extollendos
1148 1803 1251 1882 scribi,
1282 1803 1411 1870 threnos

277 1915 389 1971 cantus
411 1907 562 1990 lugubres
585 1907 738 1993 appellari
761 1906 876 1990 quibus
901 1907 1018 1970 mortui
1041 1906 1239 1988 lugeantur‚¹
1264 1907 1412 1972 Paeones

278 2011 423 2095 primitus
454 2011 567 2074 laudes
598 2011 755 2096 Apollinis
787 2019 817 2075 ct
847 2011 970 2074 Dianae
1003 2011 1205 2091 continuisse,
1234 2021 1349 2094 postea
1372 2012 1412 2075 ad

280 2114 452 2198 quemlibet
476 2115 572 2178 deum
595 2117 754 2198 pertinere
777 2115 921 2197 potuisse
945 2137 995 2178 res
1020 2123 1068 2178 est
1091 2114 1266 2178 notissima.
1307 2115 1412 2179 Minus

278 2219 396 2282 usitata
425 2239 490 2282 vox
515 2217 695 2300 palinodiae
720 2225 798 2298 erat,
831 2218 920 2282 cuius
944 2217 1160 2282 definitionem
1184 2217 1298 2281 Suidas
1322 2219 1414 2283 affert

279 2322 375 2384 hano:
405 2323 573 2408 παλινῳδία
603 2320 636 2383 dd
658 2322 780 2384 ἐναντία
809 2319 891 2407 ᾠδή,
921 2316 940 2401 ἢ
972 2319 1006 2382 td
1032 2317 1069 2383 td
1093 2321 1212 2383 ἐναντία
1236 2325 1329 2384 εἰπεῖν
1352 2329 1414 2398 τοῖς

278 2423 431 2507 προτέροις
441 2453 466 2488 κ.
477 2450 502 2486 τ.
510 2430 535 2487 λ.
559 2424 747 2508 Repetilum
761 2430 808 2487 cst
822 2424 882 2486 hoo
899 2445 937 2486 ex
954 2429 1029 2487 nota
1046 2423 1154 2486 fabula
1171 2423 1210 2486 de
1221 2425 1413 2505 Stesichoro,

266 2528 330 2611 ·qui
355 2550 425 2592 curn
449 2535 582 2612 propter
604 2527 720 2590 malurn
744 2529 776 2590 in
793 2527 952 2591 Helenam
976 2527 1138 2591 eonditum
1155 2547 1280 2590 carmon
1301 2549 1414 2591 caccus

277 2631 379 2694 factus
392 2637 484 2712 esset,
501 2629 662 2716 palinodia
678 2631 710 2692 in
728 2631 795 2694 eius
811 2630 938 2693 laudern
955 2632 1071 2714 scripta
1088 2630 1197 2692 oeulos
1209 2650 1414 2716 recuperasse
1431 2683 1435 2702 ‚

280 2734 427 2800 dieitur.‘²

383 2838 558 2900 Praeterea
589 2857 663 2900 vcro
694 2835 850 2900 vocabula
883 2835 922 2898 de
947 2835 1061 2918 quibus
1083 2836 1189 2918 agitur
1212 2835 1250 2896 ad
1277 2836 1414 2899 carmina

278 2941 481 3006 inscribenda
504 2940 646 3005 adhibita
669 2962 738 3006 essa
762 2941 842 3004 lraco
861 2939 1033 3024 praecipue
1057 2940 1199 3004 invenio:

386 3065 419 3138 l)
450 3060 769 3126 indovuroorrxci
792 3059 892 3144 μέλη
923 3060 1111 3140 Aristoteles
1139 3059 1320 3141 distinguit:
1350 3058 1414 3122 ἐπεὶ

281 3270 311 3332 ὥς
334 3269 378 3322 ἓάν
395 3267 579 3337 πρόσωπον
603 3267 738 3336 ὦριυμένον
756 3267 871 3336 λάβωμεν
896 3273 935 3318 καὶ
954 3275 1097 3332 περίστασίν
1121 3288 1191 3328 rom,
1219 3271 1256 3316 xci
1286 3264 1417 3336 otrropjr

281 3353 395 3417 διέξοδον
422 3357 471 3408 τῶν
496 3355 575 3426 λόγων
599 3355 745 3423 ποιώμεθα,
776 3354 806 3406 οὗ
831 3352 898 3413 dium
916 3355 994 3416 dorus,
1017 3350 1249 3410 rill'rino'deorc.
1286 3349 1417 3402 Similiter

281 3445 373 3496 Theon
395 3427 595 3509 progymnasm.
624 3443 660 3494 ib.
687 3443 714 3494 11
738 3441 782 3506 ar,
807 3440 831 3493 9.
876 3437 1035 3490 Alexander
1054 3437 1088 3488 ib.
1108 3438 1150 3488 III
1171 3439 1193 3496 1,
1211 3438 1236 3487 4.
1283 3435 1356 3494 Quos
1375 3453 1416 3488 aa·

282 3535 402 3597 quuntur
426 3531 546 3580 rlrctorrs
566 3527 665 3580 Latini.
708 3527 792 3579 Velut
817 3526 911 3577 Aurei.
928 3525 1074 3589 Angustia.
1098 3540 1141 3589 up.
1155 3525 1245 3575 Halm.
1266 3522 1334 3572 rhet.
1354 3523 1417 3574 min.

283 3632 310 3682 p.
331 3614 388 3679 140,
416 3615 443 3666 1:
470 3613 582 3678 „Thasia
608 3621 648 3666 est
674 3629 727 3678 ros,
750 3629 820 3680 quae
839 3611 956 3663 admittit
982 3610 1143 3661 rationalem
1172 3609 1428 3680 commercatorem

283 3702 341 3752 aine
359 3699 516 3751 delinitione
531 3715 680 3764 personae:
695 3697 884 3765 hypothesi
895 3713 906 3748 s
926 3701 967 3748 cst
978 3712 1026 3746 scu
1040 3696 1226 3748 controversia
1282 3713 1334 3758 res,
1347 3713 1418 3764 quaa

285 3785 404 3838 admittit
430 3785 592 3837 rationalem
613 3785 815 3838 contentionem
831 3799 891 3834 cum
911 3783 1069 3834 delinitione
1083 3784 1286 3850 pcrsouacf·
1321 3784 1419 3850 Sulpit.

285 3873 381 3924 Victor
400 3872 436 3924 ib.
456 3889 482 3938 p.
500 3872 561 3934 314,
572 3870 613 3924 ld.
634 3871 761 3924 Martiam
779 3869 894 3937 (lapella
914 3869 948 3920 ib.
967 3885 993 3935 p.
1013 3867 1072 3933 454,
1094 3873 1133 3936 16..
1151 3867 1248 3920 laidor.
1268 3868 1301 3920 da
1315 3870 1418 3921 rhetor.

285 3957 320 4010 ib.
339 3975 364 4023 p.
384 3957 443 4020 515),
464 3959 503 4010 11.

389 4044 398 4077 ¹
419 4043 532 4094 Procius
554 4041 699 4094 discrimen
719 4044 791 4094 iuter
812 4045 934 4092 thronum
956 4045 983 4091 et
997 4041 1138 4106 epicedion
1153 4041 1206 4092 troo
1219 4041 1298 4092 modo
1312 4041 1420 4092 statuit:

285 4127 394 4197 drurpdprr
413 4130 442 4181 δὲ
459 4129 506 4181 τοῦ
524 4129 665 4195 r'rrrrrpdalov
684 4128 698 4182 d
717 4129 816 4198 θρῆνος,
835 4131 874 4180 ὅτι
887 4125 918 4179 τὸ
929 4127 977 4193 μὲν
996 4128 1136 4194 ἓπικῇδειον
1149 4129 1208 4198 παρ’
1220 4127 1282 4180 crird
1296 4127 1325 4180 ro¹
1339 4128 1420 4193 κῆδοε,

285 4221 321 4268 ln
348 4216 395 4269 τοῦ
419 4213 535 4283 σώματος
557 4213 724 4282 προκειμένου
748 4211 859 4284 λε’γεται,
883 4210 897 4264 d
920 4215 949 4264 δὲ
968 4211 1059 4283 &parm
1078 4212 1109 4264 ori
1132 4213 1306 4284 περιγράφεται
1328 4211 1420 4284 χρόνῳ.

286 4301 387 4365 (Proui.
408 4299 558 4353 Ohrastorn.
577 4299 610 4352 24
630 4300 703 4366 apud
724 4297 861 4352 Gairsord.
881 4297 971 4360 1352,
992 4301 1027 4360 l).

390 4389 401 4421 ⁹
420 4388 456 4438 ol.
475 4385 578 4453 Bergk.
597 4394 668 4453 poet.
688 4388 740 4454 lyr.
760 4385 855 4438 Graec.
874 4383 1082 4438 111980-982.

1284 4470 1317 4522 2*
