3266 4926
318 411 359 474 us
752 446 795 455 -
842 408 926 490 00400
975 445 1015 454 -

316 599 353 664 Io
377 599 537 664 lemmatis
561 599 699 683 denique
721 599 754 664 in
777 583 910 663 violatio
934 597 1069 664 servatis
1092 617 1155 662 non
1178 603 1227 663 est
1248 597 1333 680 quod
1348 618 1453 663 rnore-

316 723 402 782 mur3
435 703 541 768 omnia
571 703 655 770 enirn
687 702 911 769 ePhavorino
941 721 1067 768 summa
1096 701 1253 788 religione
1283 701 1454 786 descripsit

316 805 469 872 Eudocia.

401 1013 419 1097 §
446 1017 495 1075 11.
545 1013 727 1080 SOHOLIA
750 1013 916 1079 HOMIIRI
943 1013 1014 1096 [non
1030 1013 1189 1078 Eustathii
1210 1013 1452 1080 commentarios

315 1115 398 1199 diuo,
425 1115 466 1182 de
481 1117 594 1200 quibus
610 1117 693 1184 infra
708 1118 891 1202 exponam),
917 1122 1071 1201 quotquot
1093 1116 1126 1181 in
1148 1116 1285 1182 violario
1307 1117 1453 1202 exeripta

315 1240 388 1286 esse
425 1227 591 1305 putantur,
632 1220 718 1286 idern
756 1221 917 1287 Eudociae
955 1219 1208 1286 subministravit
1240 1221 1448 1286 Phavorinus.

315 1325 475 1409 Exempla
510 1323 584 1390 vide
621 1325 708 1409 apud
744 1325 911 1392 Flachium
946 1345 979 1410 p.
1013 1329 1071 1388 114
1096 1343 1164 1408 sq.;
1205 1345 1308 1408 neque
1344 1330 1453 1390 tamen

315 1428 436 1510 omnia,
473 1448 556 1512 quae
588 1427 689 1493 Flach
724 1428 901 1512 congessit,
940 1429 1088 1514 exempla
1120 1447 1233 1494 revera
1267 1449 1285 1494 e
1315 1428 1452 1494 Scholiis

315 1524 446 1598 Homeri
482 1529 579 1597 dueta
616 1539 704 1616 sunt,
745 1553 849 1616 neque
886 1532 993 1598 omnia
1030 1531 1086 1598 ille
1120 1531 1250 1598 Scholia
1283 1532 1453 1600 Homerica

316 1635 403 1720 apud
430 1634 605 1700 Endociam
635 1635 760 1702 obviam
791 1635 878 1702 facta
905 1642 1081 1702 enumerat.
1127 1636 1211 1702 Nam
1242 1657 1275 1722 p.
1302 1641 1342 1700 30
1372 1637 1451 1720 περὶ

316 1733 425 1815 Ἄϊδος
448 1743 566 1825 κυνέης
588 1739 669 1804 nihil
693 1761 711 1806 c
735 1739 862 1806 Scholio
885 1740 980 1806 Hom.
1005 1739 1137 1826 petitum
1161 1745 1266 1820 exlat;
1297 1739 1388 1806 cuius
1411 1739 1453 1806 de

317 1842 459 1910 fontibus
489 1842 598 1908 confer
626 1863 710 1926 quae
740 1863 838 1930 snpra
867 1865 898 1928 p.
925 1847 965 1907 25
989 1843 1203 1928 exposuimus.
1245 1842 1258 1928 {l
1295 1843 1408 1927 Neque
1435 1864 1453 1908 e

317 1947 426 2014 Schol.
453 1947 545 2012 Hom.
573 1947 692 2032 Odyss.
710 1949 803 2012 1383
825 1948 936 2032 glossa
959 1948 1038 2034 περὶ
1053 1941 1227 2013 Ἀντινόου
1249 1966 1281 2031 p.
1301 1945 1454 2013 43010010

315 2057 374 2134 est,
401 2050 491 2116 cuins
513 2051 601 2136 origo
624 2051 730 2117 adhuc
752 2071 803 2116 me
826 2051 919 2134 fugit.
954 2051 966 2136 ΙΙ
996 2051 1032 2116 Ρ.
1061 2053 1121 2116 108
1146 2045 1239 2127 ὅστις
1255 2051 1455 2117 Δευκαλίων

315 2191 356 2200 -
381 2153 574 2240 ἱστοροῦσιν
603 2156 702 2221 verba
724 2155 757 2219 in
780 2155 958 2239 margInem
982 2155 1101 2220 codicis
1124 2155 1260 2220 Parisini
1282 2155 1375 2220 illata
1397 2161 1456 2220 aut

316 2279 334 2324 e
357 2258 491 2324 violario
514 2279 544 2344 p.
568 2262 626 2322 107
651 2265 708 2324 aut
730 2279 747 2324 e
771 2257 858 2324 fonte
874 2259 944 2324 eius
960 2257 1060 2324 Phar.
1078 2280 1111 2345 p.
1131 2263 1203 2340 541,
1231 2279 1324 2342 quem
1347 2258 1453 2343 ipsum

314 2362 401 2430 fonte
423 2382 515 2428 usum
532 2382 604 2429 esse
620 2364 671 2430 Et.
690 2363 732 2428 M.
752 2365 825 2444 293,
845 2365 876 2446 3,
902 2383 967 2428 non
983 2361 1112 2428 Scholio
1128 2363 1222 2428 Hom.
1239 2362 1278 2426 Il.
1297 2361 1373 2428 XVI
1389 2364 1452 2426 233

314 2485 410 2551 supra
429 2489 461 2552 p.
483 2471 521 2532 13
544 2467 735 2532 monuimus.
769 2466 781 2550 ΙΙ
811 2467 847 2530 P.
867 2469 929 2530 278
953 2466 1032 2550 περὶ
1048 2472 1166 2532 Λιτιῖιν
1188 2472 1285 2532 totam
1308 2466 1451 2550 glossam

314 2570 452 2638 Cornuto
476 2569 656 2636 Basilecnsi
678 2591 709 2635 a.
740 2573 819 2634 1543
850 2569 960 2635 deberi
989 2569 1074 2634 inira
1102 2569 1234 2636 docebo.
1275 2571 1288 2654 ΙΙ
1324 2571 1360 2634 P.
1387 2573 1445 2634 421

315 2675 394 2760 περὶ
410 2675 548 2751 Φυλέως
570 2673 784 2740 Phavorinum
812 2675 891 2737 1847
916 2672 1051 2739 excribit
1072 2673 1225 2757 Eudouia,
1251 2673 1454 2740 Phavorinns

314 2776 516 2843 Eustathium
539 2779 631 2842 Hom.
657 2799 689 2862 p.
716 2781 789 2858 305,
815 2797 879 2842 non
902 2775 1052 2843 Scholion
1075 2779 1169 2844 Hom.
1195 2779 1234 2843 ll.
1260 2778 1388 2842 11629.

398 2881 434 2944 P.
461 2885 517 2944 441
546 2880 685 2964 denique
700 2879 842 2946 Eudocia
864 2881 1087 2966 ePnluephati
1111 2881 1250 2948 editione
1269 2881 1453 2948 Basileensi

313 3004 343 3048 a.
366 2987 447 3048 1543
469 2984 598 3068 glossae
622 2984 700 3070 περὶ
721 2977 883 3070 Ὠρίωνος
907 2991 1080 3051 extremam
1103 2992 1228 3071 partem
1251 2983 1326 3050 iude
1342 3005 1363 3050 a
1377 3005 1453 3051 ver-

314 3087 364 3152 bis
383 3081 515 3174 Ὑριεὺς
539 3082 555 3152 c‘
581 3087 797 3164 Ποσειδῶνος
820 3088 1028 3175 deprompsit.

401 3193 532 3258 Praeter
560 3193 647 3258 locos
675 3213 696 3256 a
717 3191 849 3258 Flaohio
872 3198 1135 3260 commemoratos
1158 3192 1342 3258 memoriam
1366 3190 1454 3258 deri-

312 3302 419 3362 vatam
443 3317 460 3362 e
483 3296 621 3362 Scholiis
644 3296 773 3362 Homeri
795 3295 827 3360 in
850 3297 983 3364 violaria
1006 3297 1204 3382 deprehendi
1227 3297 1305 3363 locis
1329 3297 1395 3362 his:

400 3402 437 3465 Ρ.
466 3404 526 3466 roc
550 3373 629 3484 περὶ
652 3398 797 3486 Δάφνης
824 3400 942 3484 (aanor.
966 3402 1060 3466 nom.
1079 3403 1118 3466 n.
1143 3401 1225 3484 044)
1252 3400 1352 3466 rosv.
1372 3406 1449 3465 454.

313 3503 394 3569 Vide
417 3523 515 3590 snpra
536 3525 568 3588 p.
588 3506 640 3567 24.
674 3505 686 3589 Η
717 3505 752 3568 P.
782 3507 842 3568 162
866 3505 945 3589 περὶ
969 3498 1119 3591 Εὐρύτου
1147 3503 1263 3588 (Schol.
1288 3505 1382 3569 Horu.
1408 3505 1448 3570 Il.

313 3607 436 3692 V392)
463 3607 564 3673 Phav.
591 3610 665 3672 799.
698 3607 710 3692 11
740 3607 776 3671 Ρ.
804 3611 865 3672 340
888 3605 1068 3696 mprobos,
1097 3605 1249 3673 ἑπτὰ-
1272 3608 1453 3684 Κυκλικοῑς

319 3710 435 3793 [Schol.
461 3711 554 3776 Hom.
580 3711 619 3776 Il.
646 3710 755 3776 XVIII
779 3713 852 3796 480)
879 3712 979 3778 Phav.
1002 3716 1094 3792 1518,
1121 3713 1176 3778 ubi
1200 3705 1451 3798 ἆνηστέρητοι

313 3813 434 3896 Schol.‚
462 3809 705 3901 ἀνιστόρητοι
727 3812 829 3879 Phav.
848 3815 951 3894 Eud.;
979 3823 1146 3901 praeterea
1168 3817 1201 3881 in
1223 3815 1368 3898 margine
1391 3814 1453 3880 ad·

312 3917 359 3982 dit
374 3918 518 3984 Eudoeia
536 3915 611 3994 ἑνὸς
627 3923 693 3984 τῶν
714 3915 884 4002 Γιγάντων
906 3919 948 3986 ad
971 3941 1002 3983 v.
1022 3913 1200 3996 Ἄτλαντος
1215 3927 1247 3986 et
1262 3925 1320 4006 τῆς
1332 3913 1452 3984 Ὠκεα-

312 4028 373 4087 νοῦ
388 4021 431 4086 ad
446 4043 477 4086 v.
496 4019 678 4109 Πλρϊόνρς,
706 4043 788 4106 quae
804 4022 973 4088 intextum
990 4022 1111 4108 recepit
1126 4023 1293 4088 Villoison.
1333 4023 1453 4108 Sump-

314 4123 354 4189 sit
376 4131 482 4191 autern
507 4147 547 4191 ea
570 4125 712 4192 Eudooia
735 4147 753 4192 e
776 4132 867 4210 parte
890 4127 1019 4209 glossae
1042 4126 1233 4209 Phavorini,
1261 4145 1356 4210 quam
1378 4127 1452 4211 ipsa

313 4227 430 4292 omisit.
464 4228 476 4312 ll
506 4230 543 4293 P.
562 4233 624 4294 392
649 4229 728 4314 περὶ
747 4234 884 4312 Τέννου,
912 4223 976 4316 ἀφ’
996 4221 1036 4295 οὗ
1054 4229 1206 4306 Τένεδος.
1242 4230 1452 4314 IIuiusglos-

316 4347 371 4396 sae
400 4329 555 4416 ongincm
579 4332 677 4398 Flacb
702 4354 735 4420 p.
764 4336 824 4398 140
855 4332 973 4401 frustra
1001 4332 1044 4400 ad
1072 4333 1199 4422 plenius
1230 4331 1378 4404 Scholion
1409 4333 1452 4404 ad
