3274 4934
734 365 950 428 „30-

362 535 470 620 Lepsii
486 536 708 621 apographum
723 535 948 614 nonnullarum
971 534 1147 611 litteramm
1170 533 1280 600 formis
1295 553 1414 620 excep-

276 637 317 704 tis
333 638 450 723 optime
470 640 628 706 consentit
643 659 714 706 cum
731 638 825 704 Saltii
840 639 999 723 exemplo.
1031 639 1093 710 Pro
1109 631 1320 713 αὐδάσαντος
1343 659 1373 701 v.
1396 641 1407 700 l

276 746 308 808 ct
324 730 433 828 ἦνδον
454 763 485 806 v.
505 747 524 808 3
547 763 630 828 quae
651 741 791 808 aBailio
805 742 925 810 tradita
940 743 1057 808 Kaibel
1080 742 1215 826 recepit,
1244 734 1413 828 αὐδήσαν-

275 867 333 920 τος
355 851 387 912 el
402 833 511 932 ἦλθον
533 851 640 925 erton
666 867 696 910 v.
716 850 735 909 5
759 849 906 928 πέμπτω
928 841 1052 912 δεκότω
1070 841 1102 910 δ’
1131 841 1273 912 suranco
1296 851 1329 911 et
1343 847 1411 922 ml

275 946 416 1014 εἰκόστιο
440 953 585 1033 πέμπτον
609 949 726 1016 omisso
741 949 808 1016 iota
823 957 911 1019 muto
926 949 1118 1016 scribuntur.

810 1137 893 1204 VI(

361 1259 399 1326 C.
425 1261 451 1326 l.
478 1259 519 1344 G,
548 1261 730 1346 47350011,
762 1261 921 1328 Add.111
948 1281 980 1346 p.
1010 1264 1102 1326 1293.
1143 1261 1261 1328 Kaibel
1284 1281 1315 1328 u.
1335 1263 1408 1324 997.

273 1363 410 1448 lapsine
426 1365 470 1430 Vl
485 1365 550 1429 tab.
571 1367 624 1428 79.
643 1363 699 1432 Gr.
722 1369 791 1428 191.
818 1366 975 1450 Ectypum
993 1364 1123 1431 contuli.

361 1467 400 1535 V.
420 1470 439 1532 2
463 1465 801 1550 ΑΝΤΕ]ΑΝΤΕΛΛ
822 1475 895 1554 post
916 1489 998 1552 quae
1015 1489 1076 1543 nou
1098 1467 1247 1536 videntur
1265 1467 1328 1534 nisi
1343 1474 1412 1533 octo

275 1569 343 1636 lere
363 1569 488 1636 litterae
503 1570 718 1656 intercidisse.
740 1610 784 1619 —
805 1573 844 1637 V.
864 1575 883 1636 3
901 1573 1046 1638 Pococke
1068 1566 1410 1654 ΛΔΟΜΑΟΝΤΟΟ,

274 1671 344 1738 salt
359 1673 476 1739 lr’Hirte
493 1672 841 1758 AAC2..A0NTOC;
861 1675 956 1740 lectio
973 1675 1134 1760 Lepsiana
1149 1670 1414 1739 ΔΑΟΟΜΟΝ-

276 1773 374 1850 ‘l'OC¹
385 1784 499 1864 ectypo
508 1778 659 1862 firmatur,
672 1779 827 1862 nisiquod
840 1799 896 1865 pro
905 1777 943 1840 Μ
953 1779 1060 1864 potius
1075 1776 1137 1844 ΛΛ
1151 1785 1296 1864 apparet,
1313 1779 1350 1842 ln
1363 1777 1413 1844 his

274 1888 381 1968 aptem
397 1901 525 1948 carmen
541 1881 663 1952 linitur:
691 1889 726 1948 ut
748 1883 825 1948 ferri
847 1903 910 1950 nou
933 1882 1056 1968 possint
1081 1902 1164 1964 quae
1180 1882 1297 1948 Kaibel
1321 1901 1414 1966 repo-

276 1985 340 2052 suit
355 1979 583 2052 ἇντέλλοοοον
605 1982 737 2062 ἰδόντος
758 1990 886 2072 μητέρα
910 1983 1045 2074 copario.
1084 1987 1197 2070 Neque
1218 2005 1295 2054 vero
1310 1984 1415 2066 magis

275 2088 442 2159 Letronnii·
453 2090 710 2174 supplementum
728 2093 910 2172 Μέμνονος
934 2083 1156 2177 ἆντελλούσης
1178 2083 1259 2176 ἠοῦς
1273 2091 1415 2170 Λαομέ-

276 2190 394 2268 δοντος
422 2213 526 2278 ncque
557 2193 684 2258 Franzii
715 2186 941 2270 ἆντέλλουσαν
973 2191 1030 2280 ἑὴν
1058 2197 1249 2278 pericarpum
1283 2187 1414 2266 ἰδόντος

276 2295 383 2382 ectypi
400 2295 548 2363 ductibus
564 2297 817 2382 comprobantur.
845 2297 929 2376 Quid
945 2297 1045 2364 lateat
1060 2297 1183 2376 nescio,
1211 2316 1270 2362 nec
1286 2313 1412 2360 uersum

275 2399 432 2482 integrum
449 2399 549 2466 luisse
562 2420 686 2470 censeo.

800 2520 881 2597 Vll·

671 2655 824 2725 Gemelli
846 2657 1016 2724 carmina.

363 2830 435 2899 Duo
451 2829 685 2914 epigrammata
699 2829 866 2898 Gemellus
880 2831 914 2896 in
931 2829 1108 2899 Memnonis
1122 2836 1230 2896 statua
1243 2825 1416 2899 incidenda

276 2933 414 3000 curavit:
448 2933 544 3000 Kaib.
568 2956 600 3002 u.
619 2937 681 3000 998
698 2941 730 3002 et
746 2938 826 3018 999,
857 2936 994 3004 alterum
1015 2935 1097 3018 (999)
1122 2933 1156 3000 in
1176 2953 1302 3001 summo
1324 2951 1414 3008 crure

277 3035 422 3118 sinistro,
441 3037 577 3106 alterum
598 3038 679 3122 (998)
700 3037 734 3104 in
749 3037 850 3111 latere
865 3037 1068 3106 meridionali
1082 3037 1171 3104 basis
1186 3043 1323 3104 statuae.
1359 3033 1412 3100 ln-

277 3139 466 3226 scriptiones
487 3161 563 3208 vero
584 3141 617 3208 in
643 3141 752 3208 intimo
774 3161 864 3208 crure
889 3141 1071 3227 insculptae
1093 3140 1237 3206 maxima
1258 3160 1299 3205 ex
1324 3145 1414 3224 parte

277 3243 466 3326 antiquioris
487 3244 604 3312 aetatis
625 3251 700 3314 suut
720 3265 816 3329 qnam
839 3265 922 3329 quae
944 3244 977 3310 in
999 3243 1105 3311 medio
1126 3251 1158 3312 et
1173 3263 1297 3310 summo
1324 3261 1414 3308 cmrc

278 3345 400 3416 innisae
421 3355 542 3414 extant.
574 3348 680 3432 Atque
703 3369 743 3414 ex
765 3348 850 3416 tituli
872 3350 935 3412 998
956 3368 1041 3414 anno
1062 3369 1095 3433 p.
1120 3347 1179 3414 Oh.
1208 3352 1267 3412 150
1289 3347 1322 3412 in
1344 3344 1415 3411 lrasi

277 3450 299 3514 i.
319 3471 349 3516 e.
366 3449 477 3517 infimo
491 3457 617 3520 statuae
632 3452 718 3534 loco,
744 3451 801 3518 ubi
822 3470 904 3517 unus
920 3459 1048 3535 praeter
1062 3451 1147 3516 hunc
1172 3449 1299 3516 titulum
1315 3448 1411 3514 Kuib.

278 3575 308 3620 n.
328 3558 391 3620 993
414 3561 559 3639 repertus
581 3561 647 3636 est,
674 3563 806 3622 exarato
828 3555 976 3620 concludi
991 3561 1096 3639 potest
1109 3553 1181 3620 basi
1201 3559 1268 3620 tum
1284 3552 1413 3619 demum

278 3677 355 3725 usos
369 3677 442 3726 csse
457 3659 635 3728 Memnonis
650 3659 806 3742 cultores,
832 3679 904 3726 cum
927 3679 1053 3726 summa
1068 3677 1193 3724 crurum
1215 3677 1291 3742 pars
1306 3655 1348 3722 ad
1363 3655 1415 3722 iu·
1481 3663 1485 3674 ’

279 3759 416 3828 cidcnda
441 3762 652 3846 complurium
679 3781 828 3827 vcmuum
848 3761 998 3843 ¹carmina
1020 3780 1083 3825 non
1107 3760 1173 3824 iam
1204 3757 1413 3842 sufficerct¹lz

279 3863 307 3928 si
319 3863 447 3945 quidem
460 3885 557 3930 unum
572 3865 675 3930 solum
692 3865 836 3950 excipias
849 3864 988 3946 titulum,
1008 3864 1064 3946 qui
1078 3863 1155 3928 anni
1170 3869 1246 3928 nota
1260 3861 1370 3927 addita
1381 3862 1414 3927 in

279 3983 402 4031 summo
416 3963 508 4032 eruic
524 3973 676 4034 exaratus
691 3967 847 4034 recentior
860 3987 994 4033 numero
1010 3968 1072 4031 998
1088 3973 1139 4032 est
1146 3967 1183 4048 ²).
1209 3965 1276 4030 Iam
1296 3985 1371 4030 vero
1387 3964 1414 4029 si

281 4124 484 4133 ——n

347 4209 365 4271 ¹)
386 4225 412 4263 v.
434 4209 564 4262 Letroun
597 4209 662 4262 Rev.
685 4207 711 4262 ll
736 4226 763 4280 p.
784 4211 843 4263 293.

345 4295 364 4358 ⁴²}
388 4295 425 4349 ib.
447 4311 473 4363 p.
495 4296 590 4349 38411.
612 4293 772 4349 ccccxli.
795 4293 869 4349 c.1.
891 4295 922 4348 L.
945 4293 1000 4348 ΙΙΙΙ
1029 4309 1057 4362 p.
1080 4295 1109 4344 12
1128 4311 1154 4348 n.
1177 4295 1218 4346 51.
