3248 4928
640 420 676 428 --
729 385 814 466 [aar]
862 420 901 429 -
1299 386 1339 444 55

204 591 259 654 pro
283 563 330 636 ὧν
353 569 396 636 ἐν
419 571 469 636 ἑνί
500 571 504 658 l
533 571 832 660 μεθερμηνεάθη.
873 575 1046 638 Praeterea
1061 590 1119 636 sno
1135 591 1221 636 more
1240 591 1341 654 quae-

202 673 276 739 dam
306 674 406 741 adicit
427 675 531 740 End:
565 669 609 752 ὥς
632 697 740 762 φασιν
768 683 801 743 et
823 675 854 741 ol
878 675 914 741 δὲ
938 673 996 740 ea
1022 679 1198 758 Νέρωνσς;
1232 676 1292 740 lroe
1321 695 1339 740 e

202 777 336 864 Cyriaeo
358 779 573 860 Anconitano‚
608 800 702 864 quern
729 779 874 865 infrap.
902 782 964 843 402
988 777 1168 861 descripsit
1216 777 1341 844 Omittit

200 889 308 948 antem
339 883 470 948 verbnm
503 880 671 967 ἱστορικὸς
699 883 791 949 initio
822 883 891 950 et
881 903 915 948 rn
943 881 1006 948 fine
1037 887 1109 966 post
1141 855 1400 970 μετήνεγκεν

201 987 301 1051 verba
323 979 509 1052 Suliardi‘
488 1011 531 1064 ως
555 985 647 1052 ἐστὶν
670 986 764 1052 ἰδεῖν.
815 987 885 1066 Quo
907 986 1000 1053 litut
1023 985 1206 1051 Saliardnm
1229 993 1340 1050 aucto

199 1109 266 1154 rem
281 1089 445 1156 Eudoeiae
466 1109 538 1156 esse
553 1091 792 1175 intellegamus.
832 1092 893 1158 Ille
908 1091 993 1156 eninr
1010 1109 1038 1154 ει
1028 1088 1229 1156 Ἐαδοσὶεαι
1246 1108 1339 1154 usur-

199 1199 318 1277 passet,
345 1213 408 1258 non
423 1193 604 1260 addidisset
626 1187 670 1270 ὡς
693 1193 785 1260 ἐστὶν
808 1193 902 1274 ἰδεῖν,
929 1193 987 1260 sed
1004 1214 1045 1260 ea
1058 1193 1158 1258 verba
1173 1193 1201 1258 is
1217 1192 1336 1278 posuit,

199 1295 254 1378 qui
277 1295 430 1380 eDictye
453 1295 585 1363 Suidam
608 1297 824 1383 interpolavit,
850 1297 919 1364 sive
940 1297 969 1362 is
993 1296 1163 1362 Suliardns
1186 1295 1247 1362 fuit
1269 1295 1338 1362 sive

201 1399 270 1465 aius
292 1407 413 1466 auctor.

286 1505 316 1586 2)
343 1504 378 1567 P.
401 1506 460 1566 150
484 1505 564 1590 περὶ
582 1498 808 1587 Ἐπιμενίδου.
849 1505 1019 1570 sntiardns
1042 1505 1221 1589 Diogenem
1238 1504 1338 1569 Laer-

199 1606 277 1670 tium
301 1607 444 1692 excerpit
466 1614 560 1674 etex
584 1627 621 1674 eo
643 1608 730 1675 vitae
752 1608 953 1694 Epimenidis
975 1608 1025 1673 ad.
1041 1607 1190 1674 Solonem
1214 1607 1338 1692 epistu-

198 1711 263 1774 lanr
286 1710 461 1795 subiungit,
489 1711 579 1777 cuius
603 1719 676 1796 post
697 1711 793 1777 finem
816 1711 897 1777 haec
919 1712 1030 1777 habet:
1057 1709 1337 1795 διεξοδικωτὲρως

199 1814 232 1878 δὲ
259 1807 276 1878 δ
300 1818 375 1896 βίος
398 1821 458 1880 τσῦ
481 1809 603 1901 ἀνδρὸς
627 1813 664 1880 ἐν
686 1822 732 1900 τῷ
749 1813 871 1900 πρώτην
888 1821 948 1880 ταῦ
962 1818 1146 1898 Διογένους
1162 1815 1337 1899 Λαερτίου

197 1923 395 2003 γέγραπται.
443 1919 590 1985 Eudocia
620 1939 690 1986 cum
721 1939 825 2004 paene
853 1919 896 1984 ad
924 1918 1057 1984 verbum
1088 1938 1159 1984 enm
1187 1917 1336 1983 Sulierdo

197 2021 315 2104 saciat,
348 2021 417 2087 lieri
446 2043 508 2088 non
538 2029 644 2108 potest
673 2023 750 2106 quin
772 2021 800 2088 is
823 2021 893 2088 eius
916 2028 1026 2088 auctor
1049 2021 1102 2088 sit.
1149 2022 1227 2106 lpsa
1249 2017 1334 2084 eninr

197 2125 225 2189 si
246 2124 392 2208 Diogene
415 2125 543 2192 Laertio
565 2127 625 2192 hoo
648 2127 716 2192 loeo
739 2146 799 2192 usa
825 2133 927 2208 essct,
961 2145 1032 2190 cum
1056 2124 1235 2190 Basileensi
1266 2122 1336 2188 edi-

197 2229 282 2294 tione
305 2235 509 2312 congrueret,
545 2249 640 2312 quem
669 2229 843 2314 expilatam
874 2230 915 2294 ab
938 2249 977 2294 ea
999 2249 1072 2295 esse
1094 2227 1179 2294 infra
1201 2227 1335 2293 demon-

198 2333 316 2398 strabo.
364 2331 450 2397 Vitia
471 2332 636 2398 Eudociae
666 2352 737 2398 oum
761 2332 911 2398 Suliardo
934 2332 1114 2399 eommunia
1136 2337 1210 2396 sunt
1233 2330 1328 2396 hacc:

196 2439 510 2519 μετασκευασμὲνα
537 2436 541 2522 Ι
569 2433 723 2501 τάλαντα
751 2432 939 2520 (τάλαντον
961 2437 1000 2500 D.
1021 2436 1070 2518 L.)
1101 2435 1106 2523 Ι
1133 2430 1334 2518 κατελσγά-

196 2539 258 2626 δην
280 2540 363 2622 διδ,
390 2536 657 2625 κατεκλσγάδην
678 2539 773 2621 Ειιδ.,
800 2535 1035 2625 καταλογάδην
1056 2539 1095 2603 D.
1116 2539 1152 2603 L.
1179 2537 1277 2604 etiam
1299 2537 1333 2603 in

196 2643 377 2709 Basileensi
407 2642 555 2708 editione.
594 2641 599 2729 l
634 2643 739 2709 Verba
768 2649 875 2710 autem
905 2638 991 2708 κατὰ
1013 2641 1050 2708 δέ
1073 2665 1233 2718 τινας-
1255 2637 1333 2716 τοὺς

197 2745 264 2811 ἐκεῖ
286 2767 327 2813 ex
349 2747 438 2812 Euat.
458 2747 552 2812 Dion.
573 2749 612 2811 88
636 2745 727 2812 addit
746 2745 890 2812 Eudocia
911 2747 1050 2830 itemque
1073 2745 1139 2811 alia
1160 2743 1329 2828 quaedam,

195 2851 284 2916 uelut
306 2845 392 2915 ὅθεν
413 2850 470 2913 καὶ
492 2853 661 2936 νταραιμία
683 2887 725 2896 -
748 2855 938 2934 κοιμᾶσθαι
966 2850 1076 2916 nescio
1106 2849 1191 2914 unde
1217 2848 1328 2933 petita,

196 2955 332 3020 tortasse
356 2974 395 3019 ex
411 2953 536 3018 Erasml
559 2953 697 3036 adagim,
724 2961 789 3019 tum
813 2975 845 3039 p.
867 2957 924 3017 151
950 2951 1152 3038 καθαρμοὺς
1174 2945 1218 3017 δι’
1241 2949 1334 3016 ἐντῶν

197 3079 235 3124 ex
264 3060 364 3142 (llust.
384 3058 479 3121 llom.
498 3057 570 3138 313)
597 3055 698 3122 Phav.
720 3059 813 3122 1818.
853 3056 1002 3123 Ceterum
1026 3053 1186 3142 ἱδρύσατο
1201 3081 1230 3120 κ.
1250 3079 1279 3119 τ.
1299 3055 1328 3118 λ.

196 3161 363 3226 Saliordns
386 3181 457 3226 curn
474 3159 621 3244 Diogene
637 3159 743 3246 posuit
758 3167 831 3245 post
845 3160 1103 3246 τετρακισχίλια,
1131 3159 1274 3226 Endoeia
1290 3159 1332 3224 ad

135 3293 144 3304 ν
196 3261 256 3330 τὸν
279 3259 399 3346 λαιμὸν
420 3263 453 3328 in
477 3263 622 3348 margine
644 3263 779 3330 collocat
801 3265 858 3328 καὶ
872 3270 938 3330 τῶν
953 3271 1085 3346 σεμνῶν
1099 3301 1142 3312 -
1158 3259 1338 3352 ἱδρύσατο.Δ

282 3370 310 3451 3]
338 3369 373 3432 P.
397 3370 455 3432 162
480 3359 623 3454 Εὐρώπη
646 3403 689 3415 -
712 3363 939 3456 ἐκλάσθησαν
960 3367 1082 3434 additis
1101 3389 1119 3435 e
1135 3367 1332 3452 Palaephato

202 3475 238 3534 16
266 3471 326 3552 (eui
349 3477 491 3536 extrema
507 3489 582 3556 pars
597 3471 726 3555 glossae
742 3470 885 3558 debetur)
913 3471 1021 3538 verbis
1043 3479 1166 3558 ταῦρος
1189 3468 1332 3558 γεγονὼς

195 3572 229 3638 ἐκ
256 3572 377 3660 Τύρον,
403 3581 469 3640 turn
493 3594 533 3640 ex
555 3575 645 3640 Eust.
673 3573 768 3640 Dion.
794 3577 871 3658 270,
905 3576 990 3642 unde
1012 3576 1121 3642 media
1142 3577 1253 3660 glossa
1274 3575 1332 3640 de-

194 3677 299 3742 rivata
321 3684 380 3759 est,
406 3677 513 3742 verbis
528 3674 661 3753 Αἰακὸς
684 3685 716 3743 et
739 3671 864 3760 ὁμοίως
885 3680 940 3744 καὶ
956 3677 1105 3760 Αἰακός;
1131 3679 1255 3763 reliqua
1270 3678 1331 3763 igi-

194 3787 245 3844 tur
272 3799 348 3866 pars
369 3781 498 3864 glossae
520 3781 563 3847 ad
586 3779 769 3846 Suliardum
792 3782 874 3854 redit
896 3791 1075 3868 auctorem,
1107 3783 1198 3850 cuins
1219 3782 1330 3849 vitium

195 3887 297 3949 Μίνω
320 3903 379 3968 pro
403 3887 525 3960 Μίνως
547 3885 712 3970 repetitur.
756 3885 817 3964 Qui
841 3887 869 3952 si
892 3887 1068 3953 Eudociam
1092 3886 1327 3971 descripsisset,

193 4008 256 4053 non
269 3986 430 4054 omisisset
441 3987 541 4054 Aeaci
557 3989 748 4054 mentionem
761 3997 793 4056 et
805 3998 929 4074 partem
941 4011 958 4056 e
970 3989 1171 4077 Palaephato
1183 3991 1326 4076 petitam.

280 4093 310 4173 4)
337 4089 483 4156 Eundem
505 4091 611 4157 locum
633 4091 786 4160 describit
807 4093 963 4160 Eudooia
965 4117 997 4180 p.
1020 4099 1095 4160 194·
1124 4091 1210 4172 Ζεὺς
1231 4100 1331 4178 βασι-

193 4191 301 4270 λεὺς’
287 4218 326 4281 ην
341 4191 474 4281 Κρήτης
488 4218 577 4281 -p
601 4199 660 4260 195
681 4195 886 4284 Σαρπηδόνα
903 4197 1013 4265 addito
1029 4199 1074 4264 ibi
1091 4219 1217 4282 qnoque
1232 4201 1330 4266 Aeaci

193 4298 331 4364 nornine.
