3248 4928
306 384 346 446 ιι
739 419 782 430 -
829 384 914 466 [aar]
962 421 1003 430 -

393 576 422 656 l)
449 573 485 637 Ρ.
505 575 566 636 208
597 573 676 658 περὶ
699 578 759 638 τοῦ
777 565 1000 658 Ἡρακλέους.
1032 579 1167 658 πρῶτον
1197 581 1376 660 τοιγαροῦν
1400 613 1442 623 -

307 675 343 742 ἐν
366 670 474 761 Ἄργει
502 676 618 762 (Sohol.
645 676 768 760 Theog.
794 679 854 742 321
879 676 999 760 Trina.)
1026 675 1128 742 Phav.
1157 681 1234 742 1291
1269 671 1350 760 [ἀπὸ
1382 686 1445 746 τοῦ

306 784 493 867 νεμεθηναι
516 780 595 866 ιιερί
624 778 703 857 τοὺς
732 778 859 857 τόπους
890 787 951 846 τοῦ
973 773 1111 866 Ἄργους
1134 781 1222 864 Bas,
1254 777 1445 863 νεμόμενον

307 885 363 949 καὶ
379 879 591 970 ἀφανίζοντα
614 881 692 962 τοὺς
715 883 751 950 ἒν
766 879 877 970 ’Ἀργει
899 881 1027 961 τόπους
1049 885 1198 952 Trineav.
1221 885 1321 950 Phav.
1340 885 1439 970 suu]

393 991 423 1070 5]
449 989 485 1054 P.
505 991 564 1054 337
590 989 669 1075 περὶ
685 996 746 1054 τοῦ
761 987 941 1076 Πηγάσου.
974 989 1106 1073 λέγεται
1128 987 1165 1053 δὲ
1182 1026 1225 1036 -
1246 982 1440 1072 ὠνόμασαν.

313 1091 608 1176 (Soh01.'l'heog.2
632 1093 776 1177 Triolin.)
800 1093 901 1159 Phav.
921 1096 983 1157 952
1004 1087 1226 1176 [ἀναδοθεῑσα
1242 1093 1331 1176 Bas,
1358 1086 1444 1160 ἀνο-

307 1195 453 1283 όοίληναι
475 1196 582 1262 Trine.
600 1197 700 1262 Phav.
723 1196 821 1280 Eud]
856 1197 868 1283 ΙΙ
900 1200 1081 1284 Πηγασίαν
1104 1194 1140 1262 ἐκ
1162 1202 1222 1262 τοῦ
1245 1189 1345 1282 όρους
1367 1197 1443 1264 libri

307 1307 339 1366 et
353 1301 450 1381 Bas,
477 1303 658 1388 Πηγασίαν
681 1295 786 1388 αὐτὴν
807 1301 968 1368 καλοῦσιν
990 1301 1087 1368 Triol.
1114 1300 1215 1369 Phav.
1235 1301 1317 1366 Eud.
1350 1305 1443 1386 (qnae

307 1397 489 1488 ὠνόμασαν
510 1425 567 1490 pro
589 1405 751 1472 καλοῦσιν
773 1405 962 1490 substituit).

393 1509 481 1576 Haeo
499 1508 597 1595 igitur
611 1529 630 1578 e
644 1509 823 1578 Phavorino
839 1509 1022 1577 Basileensi
1037 1531 1067 1576 a.
1085 1510 1165 1576 1538
1181 1509 1338 1576 translata
1353 1516 1440 1576 sunt.

392 1717 419 1780 E
443 1717 680 1783 Besileensi
702 1716 859 1797 editione,
893 1717 983 1782 ouius
1007 1716 1058 1782 hio
1080 1723 1130 1782 est
1151 1715 1283 1782 titulus:
1311 1717 1444 1782 Ioannis

307 1819 515 1888 Grammatiei
537 1821 662 1887 Tzetzis
692 1820 850 1906 expositio
876 1820 1027 1888 librorum
1049 1818 1183 1886 Hesiodi
1204 1827 1265 1886 oet.
1292 1819 1445 1886 Basileae

308 1927 352 2008 8⁰,
385 1945 481 2009 qoam
508 1946 539 1992 a.
565 1928 646 1988 1512
677 1945 695 1992 e
726 1924 835 1992 eodioe
865 1922 1122 2007 Cantabrigienri
1151 1923 1341 2009 impressam
1370 1943 1446 1990 esse

307 2035 440 2111 constat,
468 2028 601 2096 Hesiodi
623 2029 746 2096 scholia
768 2028 912 2095 Eudooia
934 2027 1033 2094 habel
1054 2028 1151 2094 haee:

396 2134 422 2216 1)
450 2133 486 2198 Ρ.
505 2135 546 2198 89
569 2127 587 2220 ἡ
612 2133 648 2198 δὲ
672 2127 855 2220 ἀλληγορία
878 2129 1042 2220 Πήγασον
1071 2171 1110 2180 -
1143 2129 1267 2200 παύειν
1292 2129 1334 2196 τὰ
1356 2131 1447 2198 καλά

309 2237 415 2304 Schol.
434 2236 557 2321 Theog.
578 2240 651 2302 325.
677 2236 689 2322 ΙΙ
720 2233 781 2324 τὴν
803 2236 839 2302 δὲ
857 2241 1018 2322 χίμαιραν
1031 2275 1075 2284 -
1097 2257 1130 2322 p.
1148 2238 1190 2300 90
1213 2240 1448 2322 κεκρυμμένον

308 2339 414 2406 Sohol.
440 2339 563 2424 Theog.
584 2343 656 2405 919.
704 2341 880 2424 Utrumque
903 2359 921 2406 e
944 2339 1019 2406 Bas.
1045 2361 1077 2424 p.
1098 2339 1159 2403 248
1191 2339 1328 2425 sumpsit
1356 2340 1443 2407 Eud.

308 2444 439 2527 eiusque
468 2443 548 2511 vitia
576 2444 683 2511 omnia
704 2445 863 2511 servavit:
901 2465 1065 2528 οογκεκρα
1072 2467 1096 2526 μ
1103 2467 1127 2526 μ
1138 2446 1215 2509 ένον
1237 2443 1312 2509 Bas.
1338 2443 1443 2523 lind.;

308 2546 349 2611 τὰ
371 2543 459 2612 κακὰ
481 2547 680 2614 Soholiorum
703 2547 786 2628 libri,
814 2543 855 2610 τὰ
879 2543 977 2612 καλὰ
1000 2547 1074 2612 Βεε.
1100 2545 1183 2612 Eud.
1231 2545 1320 2612 Haeo
1343 2554 1377 2613 et
1399 2548 1448 2614 si-

310 2652 400 2718 milia
421 2652 500 2717 vitia
529 2659 634 2718 ulrum
664 2651 698 2718 in
720 2651 828 2718 codiee
851 2651 1009 2718 invenerit
1030 2649 1250 2736 typographus
1272 2649 1375 2714 Basil.
1403 2671 1448 2716 an

308 2755 378 2839 ipse
401 2755 594 2821 commiserit
615 2756 769 2821 incertum
793 2761 857 2834 est;
885 2761 955 2820 utut
977 2761 1036 2838 est,
1062 2753 1205 2820 Eudooia
1227 2759 1283 2818 aut
1305 2755 1446 2822 eundem

308 2856 449 2926 oodioem
472 2877 499 2922 s.
517 2857 593 2924 XVI
616 2865 671 2926 aut
693 2857 865 2926 editionem
889 2857 1095 2944 descripserit
1116 2875 1249 2924 neeesse
1271 2863 1331 2922 est.

395 2961 424 3042 2]
451 2960 488 3025 Ρ.
506 2965 545 3026 97
571 2963 733 3048 περὶτοῦ
759 2958 946 3048 Γηρυόνου.
981 2955 1037 3026 διὰ
1066 2957 1103 3024 τό
1127 2958 1316 3026 εἰδέναι-
1340 2955 1449 3028 αὐτόν

309 3057 397 3130 εἶναι
419 3063 525 3131 Sohol.
545 3065 667 3148 Theog.
687 3068 748 3130 287
772 3066 847 3132 Bas.
873 3086 906 3149 p.
926 3067 999 3128 246,
1047 3063 1118 3144 Qua
1139 3064 1174 3130 in
1196 3064 1335 3132 editione
1357 3065 1449 3149 quod

309 3189 485 3255 operarum,
512 3176 548 3236 ut
562 3169 698 3252 videtur,
720 3168 926 3254 neglegentia
941 3165 1061 3236 excidit
1076 3166 1165 3250 ἔχειν
1180 3167 1263 3235 inter
1278 3168 1314 3248 ἓξ
1327 3181 1449 3254 χεῖρας

310 3279 342 3338 ε1
365 3293 459 3359 φησι,
486 3292 557 3338 eum
580 3273 612 3339 in
636 3271 746 3339 oodioe
769 3271 931 3338 lindooiae
954 3291 1051 3356 snpra
1073 3271 1190 3336 lineam
1215 3270 1366 3356 seriptum
1390 3272 1445 3355 sit,

309 3375 492 3442 Basileensi
522 3375 661 3442 editione
691 3375 857 3442 falsarium
886 3393 977 3440 usum
1008 3394 1080 3440 esse
1102 3375 1366 3440 verisimillimum
1396 3376 1447 3442 lit.

312 3479 449 3563 Reliqua
471 3499 546 3566 pars
569 3479 682 3564 eapitis
705 3499 725 3543 a
752 3479 870 3562 [Tretz.
888 3479 964 3562 Lyo.
985 3481 1058 3560 651)
1085 3477 1185 3544 Phav.
1205 3482 1265 3542 117
1289 3477 1448 3562 originem

310 3581 418 3650 habet.

396 3689 426 3771 3)
453 3687 489 3754 P.
511 3690 570 3752 196
596 3690 625 3750 Γ
625 3687 799 3770 ενεαλογία
815 3688 990 3769 Περσέως.
1029 3682 1186 3770 Λυγγεὺς
1204 3723 1246 3732 -
1262 3677 1442 3770 Ἀκρίσιος,

310 3799 377 3857 tum
401 3780 441 3856 οὗ
462 3787 592 3878 Δανάη,
622 3780 658 3877 ἧς
680 3787 843 3872 Περσεύς,
870 3777 910 3854 οὗ
925 3783 1078 3864 Ἀλκαῖος
1101 3808 1119 3854 e
1142 3786 1249 3854 Schol.
1275 3787 1364 3853 Suufi
1381 3789 1444 3852 327

311 3895 387 3960 Bas.
411 3899 481 3958 111.
529 3895 666 3977 Reliqua
687 3893 817 3958 nomina
839 3911 857 3958 e
880 3891 1043 3977 superiore
1071 3891 1181 3975 glossa
1203 3891 1283 3974 περὶ
1305 3887 1447 3977 Δανάης

311 3997 417 4064 omnia
439 4005 522 4065 sunl.

398 4103 426 4184 4)
454 4101 489 4165 Ρ.
517 4105 575 4166 199
607 4101 684 4186 περὶ
714 4106 772 4186 της
801 4097 980 4186 Δημηνρος
1007 4097 1115 4164 Treta.
1147 4097 1188 4162 ud
1211 4097 1289 4163 Hes.
1323 4117 1377 4183 op.
1404 4101 1446 4162 32

312 4205 386 4270 Bas.
413 4226 446 4289 p.
474 4207 514 4268 34
543 4203 689 4270 omnibus
719 4204 805 4272 111111
835 4201 986 4269 servatis:
1021 4197 1181 4266 ὁιόιιουσα
1210 4207 1243 4266 et
1272 4208 1448 4288 ιιτεροτιῐνν

311 4309 387 4378 Bae.
421 4306 503 4376 Eud.
535 4307 641 4390 (Flaoh
672 4327 703 4396 p.
727 4308 795 4390 117)
827 4307 838 4394 ΙΙ
870 4309 1128 4393 περιειιιαμένηι
1159 4303 1259 4373 codex
1283 4303 1447 4376 Eudooiae
