3248 4928
307 399 348 461 aa
742 435 785 443 -
832 397 917 481 [eso]
966 435 1006 444 -

307 587 443 652 alterum
458 585 675 652 Florentinum
698 587 739 653 ab
755 587 896 654 editione
918 587 1061 673 principe
1077 587 1258 656 Florentiae
1282 593 1364 654 1496
1388 612 1448 657 vo-

308 697 413 756 catum
436 689 504 756 sive
526 695 634 756 textus
657 691 819 776 vulgatus,
852 691 979 757 tertium
1002 691 1182 758 Parisinum
1205 712 1226 757 0
1247 694 1359 760 codice
1382 695 1448 760 Pa-

307 794 405 860 risino
428 797 510 858 2727
542 812 627 859 saec.
652 793 723 878 XV,
750 815 852 880 equo
875 815 915 861 ea
945 794 1066 880 primus
1096 795 1199 862 edidit
1228 796 1269 862 G.
1291 799 1449 866 Schacier

312 902 403 981 1813,
430 897 512 963 nihil
534 917 604 963 cum
627 897 729 984 primo
751 919 870 984 genere
886 919 1053 966 commune
1072 899 1172 966 habet
1186 899 1340 984 Eodocia,
1366 903 1446 987 quin

307 1002 393 1069 idem
423 1001 456 1068 10
480 1001 604 1067 duobus
634 1001 765 1086 reliquis
795 1003 988 1088 reperiatur,
1020 1003 1075 1069 ubi
1103 1003 1162 1069 illa
1189 1005 1332 1090 aprime
1355 1027 1448 1074 rece-

308 1105 396 1186 dunt,
431 1111 487 1171 aut
516 1123 587 1170 curn
610 1105 804 1173 Florentinis
826 1107 957 1174 scholiis
988 1106 1067 1174 facit
1095 1115 1152 1175 aut
1179 1129 1252 1176 oum
1274 1111 1441 1180 Parisinis.

308 1211 413 1295 Atque
442 1209 628 1276 Florentino
661 1210 790 1292 quidem
824 1211 949 1278 scholia
979 1232 997 1277 e
1026 1212 1205 1278 Phavorino
1235 1213 1444 1301 deprompsit,

308 1314 456 1380 Parisino
477 1319 533 1380 aut
555 1333 573 1379 0
595 1313 706 1380 codiee
728 1315 873 1382 Parisino
896 1318 978 1380 2727
1004 1322 1061 1382 001
1082 1336 1122 1382 ex
1144 1316 1226 1383 libro
1248 1317 1319 1384 eius
1341 1319 1447 1385 simil-

308 1417 395 1484 limo.
435 1417 606 1500 Utriusque
628 1418 756 1500 generis
772 1419 922 1505 exempla
937 1419 1096 1502 quaedam
1119 1418 1261 1504 prolerre
1284 1421 1364 1488 satis
1386 1423 1449 1488 ha-

308 1523 379 1590 beo.
426 1521 570 1588 Iudicem
592 1522 734 1588 locorum
756 1522 894 1589 confecit
915 1522 1016 1589 110010
1038 1543 1071 1608 p.
1093 1525 1164 1586 122.

394 1625 430 1690 Ρ.
444 1626 482 1689 18
505 1625 562 1688 καὶ
579 1618 687 1701 ἄλλως
703 1619 980 1713 περὶἈντιόπρς.
1004 1625 1122 1710 (Schol.
1136 1626 1198 1712 Ap.
1213 1627 1274 1692 Rh.
1288 1627 1334 1693 lv
1349 1631 1444 1714 1096)

308 1729 408 1794 Phav.
425 1729 486 1794 208
507 1729 573 1812 [uhi
589 1725 677 1794 ἑλεῖν
693 1726 887 1794 ἐπελθόντα
898 1733 1056 1796 Σικυῶνι.
1082 1727 1257 1817 στρατεύει
1271 1730 1446 1816 (11801101,

310 1831 432 1898 ἕλκεῖν.
459 1825 659 1899 ἀπελθόντα
674 1831 711 1898 δὲ
728 1831 776 1910 εἰς
792 1837 954 1917 Σικυῶνα,
982 1831 1156 1920 στρατεύει
1170 1835 1271 1901 Phar.
1289 1841 1321 1902 01
1336 1836 1450 1904 Eudo-

309 1937 378 2004 ciae
401 1935 525 2020 codem]
559 1937 572 2022 l}
601 1937 638 2002 P.
658 1940 693 2001 31
722 1938 800 2022 περὶ
822 1933 967 2024 Αἰήτου.
1014 1938 1128 2004 Totam
1150 1939 1292 2023 glossam
1314 1939 1358 2006 ad
1372 1961 1449 2007 ver-

308 2043 383 2108 bum
406 2061 424 2106 e
446 2039 547 2106 Phav.
567 2043 606 2104 64
631 2038 769 2125 sumpsit
790 2039 997 2125 compositam
1019 2041 1142 2108 duobus
1165 2062 1183 2108 e
1206 2041 1365 2109 fontibus:
1391 2044 1447 2110 Et.

309 2147 352 2211 M.
371 2148 423 2228 32,
443 2147 483 2208 22
506 2147 621 2228 γέγονε
641 2179 684 2191 -
706 2135 824 2226 ἄνεμοι
846 2149 878 2210 01
893 2143 1002 2210 Schol.
1020 2144 1083 2228 Ap.
1101 2143 1163 2208 Rh.
1182 2143 1230 2210 III
1245 2148 1308 2210 242
1335 2139 1450 2233 [Ἐφύ-

309 2273 373 2336 ραν
402 2247 510 2314 Sobel.
540 2239 615 2334 Ap.,
646 2240 795 2334 Ἐφὴραν
828 2247 928 2313 Phav.
966 2247 1048 2313 Eud.
1086 2247 1091 2335 Ι
1117 2241 1288 2335 Ἄψυρτον
1319 2249 1447 2334 Schol,

301 2348 708 2438 ἍψιρτονΡ1100.Εο11.].
738 2351 751 2436 ΙΙ
776 2352 813 2416 Ρ.
829 2355 870 2416 39
892 2351 972 2438 περὶ
988 2345 1194 2440 Ἀμυμώνης.
1241 2353 1313 2420 Non
1333 2353 1445 2420 Schol.

308 2458 370 2543 Ap.
395 2457 410 2522 Ι
436 2459 505 2536 134,
533 2454 592 2522 sed
619 2455 735 2540 (Etym.
760 2456 803 2520 M.
823 2457 873 2536 87,
895 2458 945 2537 34)
973 2455 1072 2521 Ρ100.
1098 2459 1156 2520 147
1180 2457 1342 2524 Eudociae
1372 2457 1449 2524 fons

308 2567 368 2627 est.
401 2559 414 2646 ΙΙ
443 2561 479 2624 Ρ.
499 2563 539 2622 45
563 2559 643 2644 περὶ
657 2551 831 2642 Ἄβαντος.
877 2559 949 2624 Non
978 2565 1044 2626 1010
1072 2559 1197 2644 glossa,
1230 2561 1288 2628 sed
1316 2561 1447 2628 initium

309 2702 351 2712 —
367 2661 593 2747 Μελάμπους,
620 2653 660 2728 οὗ
675 2661 777 2745 lidus·
799 2683 817 2728 0
837 2661 946 2728 Schol.
964 2663 1071 2749 Apoll.
1089 2663 1105 2727 l
1124 2667 1182 2728 143
1206 2664 1351 2730 Parisino
1369 2685 1452 2750 pro-

308 2767 410 2833 fluxit.
458 2767 496 2832 10
518 2765 711 2833 Florentinis
734 2767 819 2832 enim
834 2766 1047 2852 Amythaonis
1070 2767 1190 2834 mentio
1208 2767 1308 2834 deest.
1339 2764 1445 2852 [Καθ’

300 2866 452 2958 Ὅμηρον
473 2889 515 2918 -0
546 2867 583 2949 ἐξ
603 2859 643 2936 οὗ
667 2867 780 2952 Ἄβας.
806 2870 897 2936 Eust.
922 2871 1015 2936 Hom.
1042 2873 1129 2954 281]
1162 2871 1176 2955 ΙΙ
1211 2872 1247 2937 Ρ.
1276 2873 1335 2936 103
1366 2873 1449 2957 περὶ

309 2971 495 3040 Δακτύλων
516 2974 626 3058 glossa
641 2972 810 3059 aptissima
825 2981 874 3040 est
889 2973 930 3040 ed
946 2973 1109 3041 Eudociae
1124 2975 1157 3040 in
1173 2975 1334 3060 Apollonii
1350 2975 1448 3042 scho-

309 3079 361 3144 liis
377 3077 587 3162 excerpendis
602 3077 755 3144 rationem
769 3076 1007 3143 illustrandam.
1048 3078 1131 3143 Nam
1147 3078 1271 3144 initium
1286 3115 1329 3126 -
1349 3076 1450 3166 ἐκλή-

309 3189 424 3271 θησαν
445 3203 463 3249 0
486 3181 640 3248 Parisinis
666 3180 796 3247 scholiis
818 3181 861 3248 ad
884 3181 946 3267 Ap.
971 3181 1066 3246 RhI
1092 3185 1173 3246 1126
1196 3181 1304 3248 hahet.
1351 3181 1447 3261 Quod

310 3289 395 3355 enim
430 3287 463 3352 in
495 3285 562 3352 illis
596 3285 674 3351 solis
707 3285 826 3369 legitur
858 3285 1020 3371 nymphae
1048 3305 1164 3353 nomen
1185 3279 1341 3372 Ἀγχιάλη
1369 3287 1446 3370 (om.

309 3393 407 3458 Laur.
432 3389 600 3474 0117100),
634 3395 794 3456 servatum
818 3395 868 3456 est
896 3389 929 3454 in
951 3389 1097 3457 violario.
1144 3390 1450 3473 (1001000000εο

309 3501 449 3578 quuntur
479 3491 511 3558 ol
534 3492 571 3559 δὲ
599 3529 642 3540 -
674 3492 812 3579 σίδηρον
844 3493 921 3578 quin
950 3513 968 3559 e
995 3493 1113 3576 (Schol.
1138 3493 1199 3579 Ap.
1225 3493 1286 3558 Rh.
1308 3492 1324 3558 I
1349 3495 1443 3577 1129)

309 3597 488 3664 Phavorino
517 3619 549 3683 p.
574 3600 634 3660 447
665 3603 793 3680 sumpta
815 3596 888 3679 sint,
922 3595 1060 3662 dubitari
1082 3617 1145 3662 non
1167 3602 1282 3682 potest.
1329 3597 1446 3681 Neque

309 3702 394 3768 enim
417 3701 581 3782 Parisina,
617 3700 675 3767 sed
697 3700 882 3766 Florentina
910 3699 956 3766 ihi
985 3700 1108 3766 scholia
1134 3699 1278 3784 sequitur
1299 3699 1446 3766 Endccia

309 3813 435 3872 etcum
459 3805 527 3871 solo
549 3804 728 3871 Phavorino
751 3823 877 3870 versum
908 3810 1084 3870 extremum
1109 3801 1143 3881 ἐς
1166 3810 1234 3888 πῦρ
1258 3798 1290 3869 δ’
1301 3801 1448 3890 ἤνεγκαν

309 3911 365 3975 καὶ
396 3904 584 3996 ἀριπρεπὲς
607 3907 705 3994 ἔργον
727 3907 859 3988 ἐ’δειξαν
881 3907 1005 3974 omittit.
1040 3909 1051 3994 11
1090 3909 1125 3973 Ρ.
1148 3911 1207 3972 148
1231 3909 1311 3993 περὶ
1330 3902 1447 3975 Ἐνδυ-

308 4018 450 4098 μίωνος.
490 4013 641 4080 Scholion
663 4013 723 4098 Ap.
749 4012 810 4077 Rh.
836 4012 891 4094 IV,
917 4016 967 4075 57r
988 4012 1021 4078 in
1043 4031 1135 4078 suum
1159 4031 1251 4078 usum
1280 4011 1446 4077 transtulit

308 4117 509 4184 Phavorinus
538 4139 570 4202 p.
596 4121 658 4181 646
689 4137 709 4181 0
737 4115 844 4181 verbis
874 4113 1010 4201 Σαπφὼ
1038 4114 1075 4180 di
1105 4133 1206 4198 usqne
1236 4115 1280 4182 ad
1309 4114 1443 4181 exitum.

309 4220 481 4287 Phavorini
509 4221 650 4305 glossam
682 4219 863 4285 transcribit
891 4218 1052 4283 falsarius.
1097 4217 1195 4302 [Περὶ
1225 4216 1261 4282 δὲ
1291 4223 1352 4282 τοῦ
1383 4221 1448 4283 Σε-

310 4323 409 4417 λήνης
432 4320 556 4409 ἔρωτος
580 4321 704 4410 ἱστορεῖ
720 4317 855 4412 Σαπφὼ
874 4321 930 4388 καὶ
950 4320 1138 4408 Νίκανδρος
1161 4320 1282 4406 Schol,
1308 4317 1447 4412 Σαπφὼ
