3274 4934
671 407 883 468 ..33-

298 595 458 680 Lepeienn
473 595 658 682 apographo
674 615 704 658 v.
725 599 744 656 6
763 594 796 658 in
810 594 902 658 initio
929 593 1052 660 litteras
1069 599 1078 656 l
1093 591 1132 654 Μ
1150 600 1246 674 etque
1259 614 1291 658 v.
1313 597 1351 656 10

212 707 291 765 extr.
319 698 346 761 ll
371 719 411 764 ex
438 705 554 782 ectypo
575 697 699 764 addidi.
752 698 865 762 Tatius
896 697 1046 762 carminis
1068 697 1193 782 speeies
1219 704 1353 762 externa

211 803 339 885 qualem
365 801 502 887 Lepsius
526 806 612 867 recte
634 800 805 886 descripsit
827 821 866 866 ee
882 800 986 882 ducit,
1012 807 1048 866 ut
1067 803 1213 866 versus9
1238 799 1353 865 litteris

214 903 329 968 ΕΝΘΙ
351 905 386 966 lli
401 905 563 970 terminari
586 904 747 990 putandus
763 905 820 984 sit,
847 925 950 988 neque
971 905 1004 969 in
1027 911 1144 989 ectypo
1160 904 1259 969 ullum
1277 903 1354 968 Bai-

211 1008 319 1074 lianee
335 1008 481 1074 lectionis
499 1005 632 1072 ΕΝΘΑ
641 1045 754 1058 -----
763 1003 843 1072 ωΝ
861 1013 997 1093 apparet
1017 1007 1199 1092 vestigium.

303 1167 393 1251 Θῆκέ
415 1186 452 1228 σε
476 1160 655 1250 φωνήεντα
678 1161 746 1228 θεὰ
769 1160 1015 1249 ῥοδοδάκτυλος
1035 1157 1133 1244 Ἠώς,

300 1264 340 1354 σὴ
363 1265 496 1355 μήτειρ,
523 1267 620 1332 κλυτὲ
645 1272 804 1350 Μέμνον,
832 1266 1018 1352 ἐελδομένῳ
1041 1291 1100 1350 μοι
1123 1261 1264 1331 ἀκοῦσαι

301 1377 361 1458 σῆς
384 1378 517 1458 φωνῆς·
548 1367 734 1454 λυκάβαντι
757 1369 959 1457 ιτερικλύτου
981 1369 1200 1436 Ἀντωνεένου

300 1472 478 1560 δωδεκάτῳ
501 1476 557 1540 καὶ
579 1475 659 1562 μηνὶ
682 1473 810 1556 Παχὼν
831 1475 1046 1561 τρισκαίδεκα
1070 1473 1181 1557 έχοντι

302 1537 518 1665 ijrruluuriig,
546 1578 684 1661 δαῖμον,
712 1582 792 1660 reli]
821 1577 975 1655 έςέκλυον
998 1572 1208 1665 αὐδήσαντος
1325 1592 1339 1638 5

300 1675 414 1768 ἠελίου
437 1682 568 1768 lumpr-
592 1683 796 1768 περικαλλέα
820 1682 943 1768 ῥεῖθρα
967 1679 1138 1758 λιιτόντος.

294 1780 398 1850 Ὄντα
422 1786 520 1868 ercule
544 1781 660 1852 ἀντυλέ
663 1811 699 1873 ης
721 1784 868 1874 βασιλῆά
892 1809 928 1850 οε
945 1791 1029 1873 {tipus
1055 1789 1227 1871 Κρονείοιν

303 1887 504 1975 οἶκουρδλν
496 1913 640 1974 ιτετρυυ,
668 1885 843 2023 ιροιινὴνδ
876 1884 977 1953 riui
969 1893 1096 1984 πέτρου
1119 1887 1243 1974 ‘e‘rplunc

303 1997 446 2078 λαιρων
469 1989 502 2058 δ
530 1981 722 2080 ἦλδανῐέγ
728 1997 802 2078 ιυγεῖ
834 1993 999 2076 Γέμελλος
1023 1987 1202 2076 ἀμοιβαδὶς
1225 1990 1312 2056 ἔνθα

304 2093 366 2162 σὺν
388 2095 500 2181 κεδνῖῄ
524 2091 637 2182 ‹liupr›
657 2091 836 2184 Ῥουφίλλι]
859 2098 916 2160 καὶ
939 2101 1118 2161 τεκέεσσιν.

621 2225 699 2265 εντα
722 2226 731 2264 ι

304 2309 431 2390 Μαρίῳ
458 2310 486 2367 Γ
484 2305 629 2389 εμέλλῳ,
653 2225 864 2392 Ῥοχαλιῖιίλλῃ,
890 2342 1098 2353 -------
1109 2355 1115 2388 ,
1142 2304 1340 2388 Λονγεινλᾳ.

305 2461 426 2526 Versus
445 2465 540 2524 1-6
563 2461 711 2527 videntur
732 2482 753 2526 a
775 2461 933 2546 prioribus
957 2467 1042 2527 reete
1058 2459 1196 2543 restituti
1212 2476 1295 2524 esse.
1313 2493 1356 2503 —

219 2563 257 2626 V.
280 2570 296 2626 4
320 2585 381 2629 non
397 2559 608 2649 epaenetus,
633 2565 688 2630 sed
705 2565 853 2648 neglecta
869 2565 1003 2630 elisione
1018 2562 1233 2649 agnoscitisne
1249 2567 1353 2634 extat;

221 2665 261 2731 ‹le
277 2687 361 2732 anuo
377 2667 564 2732 duodecimo
586 2667 738 2732 Antonini
770 2671 842 2750 [150
865 2689 897 2752 p.
916 2667 989 2750 cu]
1021 2669 1085 2732 iam
1107 2673 1192 2732 certe
1218 2669 1354 2731 constat.

220 2771 419 2836 Sententiam
436 2793 488 2837 vv.
506 2775 535 2834 7.
555 2774 573 2836 8
591 2771 745 2837 Francius
761 2779 846 2838 recte
861 2772 907 2837 ita
921 2771 1108 2857 descripsit:
1129 2770 1284 2855 »Iuppiter
1299 2767 1356 2832 tibi

219 2874 398 2957 assignavit
412 2873 621 2940 habitandum
637 2895 768 2958 sarum,
796 2883 828 2941 et
850 2875 957 2940 statim
973 2875 1121 2960 incepisti
1137 2893 1246 2940 veeem
1262 2871 1358 2938 edere

222 2998 240 3042 e
256 2997 353 3059 saxo,
379 2977 412 3042 id
428 2978 513 3061 quod
529 2979 592 3043 iam
610 2978 691 3044 sacis
707 2998 860 3064 semper«
906 2978 1021 3044 Kaibel
1042 2999 1118 3044 vero
1140 2997 1212 3044 eum
1228 2995 1322 3042 versu
1338 2979 1355 3038 7

220 3081 377 3165 primibus
406 3082 573 3147 coniuncta
603 3083 701 3147 alium
731 3101 859 3148 sensum
890 3084 1022 3148 subesse
1044 3083 1159 3164 vellet,
1193 3081 1302 3146 littera
1326 3075 1354 3138 Ν

222 3185 369 3250 aBailio
390 3186 424 3250 in
449 3185 539 3251 initio
566 3205 613 3250 vs.
636 3189 654 3248 7
681 3185 798 3252 tradita
824 3205 902 3251 usus
925 3185 1070 3271 scripsit:
1097 3179 1233 3254 οὕνεκεν
1259 3177 1357 3249 ἀντο-

221 3288 294 3374 lips·
316 3286 462 3372 βασιλῆά
493 3311 530 3354 σε
554 3293 639 3376 θῆκε
664 3293 853 3376 Κρονείιυνς
880 3290 996 3372 quibus
1017 3289 1117 3356 solem
1139 3289 1291 3354 orientem
1314 3285 1356 3350 ab

219 3391 349 3458 orientis
370 3413 445 3477 rege
472 3393 602 3459 salutari
628 3393 880 3478 intellegeretur.
928 3393 993 3459 Sed
1023 3389 1357 3478 praeterquamquod

222 3488 358 3561 οὕνεκεν
381 3496 455 3562 ferri
472 3517 534 3562 nen
550 3504 671 3582 potest,
698 3497 847 3580 quoniam
872 3518 928 3581 pre
947 3496 974 3559 Ν
993 3497 1129 3581 Lepsius
1145 3501 1230 3560 reete
1248 3492 1274 3556 Ε
1291 3501 1357 3558 tra-

221 3599 315 3679 didit,
344 3601 483 3666 Kaibelii
507 3602 830 3686 supplementum&
864 3607 948 3686 θῆκε
973 3599 1009 3664 δὲ
1031 3608 1093 3666 νῦν
1116 3605 1256 3682 πέτρου,
1285 3621 1358 3682 φω-

220 3698 281 3788 νὴν
304 3697 336 3766 δ’
362 3699 431 3767 ἀπὸ
457 3709 584 3788 ,ἰέτρυυ
605 3703 723 3768 ἵεσθαι
745 3705 871 3788 probari
897 3713 1069 3786 nequeunt.
1115 3703 1198 3767 Nam
1216 3711 1247 3766 et
1264 3721 1359 3765 reca-

221 3807 329 3872 bulum
346 3813 431 3893 δῆκε
454 3829 565 3892 parum
586 3809 751 3891 eleganter
773 3809 902 3891 repetiit
925 3817 957 3873 ct
980 3795 1103 3872 obiecto
1131 3805 1217 3872 uerbi
1241 3805 1359 3870 amisse

221 3929 350 3974 sensum
366 3912 533 3976 obscurum
548 3911 698 3977 reddidit.
731 3911 837 3989 Quare
854 3911 980 3976 Franzii
997 3911 1209 3996 explicatione
1225 3909 1360 3994 probata

221 4013 291 4080 eius
313 4014 538 4099 supplementa
563 4033 594 4079 v.
614 4017 633 4078 8
658 4012 814 4100 οἰκουρὸν
837 4019 964 4101 πέτρου
985 4023 1018 4082 et
1032 4015 1066 4079 in
1080 4013 1144 4081 fine
1159 4012 1259 4101 ἕηκας
1282 4012 1360 4079 reti-

221 4117 365 4197 nuimus,
408 4139 438 4184 v
471 4123 487 4181 7
521 4112 603 4183 ὄντα
634 4117 718 4182 τοτὲ
749 4119 906 4204 suppletis
938 4118 1128 4186 sententiam
1159 4117 1357 4204 probabilem

221 4221 456 4287 effecimus.-
480 4221 517 4286 V.
538 4225 557 4285 9
581 4241 651 4288 eum
675 4229 804 4308 propter
819 4242 860 4288 ea
881 4243 964 4304 quae
979 4222 1072 4288 modo
1087 4223 1178 4288 attuli
1199 4221 1273 4288 ferri
1296 4240 1358 4286 nen

222 4347 319 4412 posse
334 4307 481 4392 videatur
495 4324 581 4406 quod
597 4325 804 4390 Letrcnnius
796 4345 828 4389 rn
840 4325 903 4391 fine
914 4325 1070 4392 addicite
1056 4319 1172 4392 ἐνθάδ’
1190 4320 1354 4404 ἀνελθών,

1135 4449 1150 4498 3
