3258 4924
744 445 959 510 ..32-

787 656 818 700 u.
842 636 915 700 399.

384 799 423 864 Iu
447 820 477 861 v.
500 799 519 862 5
542 793 685 882 suppleri
708 799 815 880 potest
838 798 895 856 aut
918 789 1060 876 ἐκκλησία
1083 787 1340 872 tradiderimus
1363 797 1422 855 aut

280 901 422 986 ἐκκλησία
443 901 531 981 κυρία
554 897 588 963 ἐν
610 903 666 962 τῶι
679 893 833 977 &stirpam
856 895 943 976 κυρία
958 893 984 960 si
1000 893 1157 976 scribitur,
1174 914 1285 959 versus
1299 893 1421 979 primus

278 1009 406 1094 longior
428 1003 574 1084 allicitur,
598 1022 694 1088 quam
709 999 763 1087 qui
779 999 899 1063 nomini
916 998 1084 1083 prytaniae
1100 997 1256 1084 capiendo
1273 995 1420 1062 sufficiat.

279 1110 452 1177 Exstitlsse
474 1107 572 1191 igitur
594 1105 662 1170 veri
684 1103 785 1168 simile
810 1109 858 1168 est
881 1100 1022 1185 ἐκκλησία
1043 1100 1076 1168 ἓν
1091 1106 1146 1165 tait
1163 1098 1305 1182 dadrptor.
1340 1100 1421 1185 Pry-

279 1217 387 1283 taniae
418 1233 535 1277 nomen
565 1217 633 1276 tum
662 1205 956 1293 comprehendebat
986 1209 1005 1270 9
1038 1205 1105 1272 l'ere
1134 1205 1273 1283 litteras,
1306 1202 1422 1288 singuli

279 1339 390 1385 versus
424 1315 577 1381 40-41,
621 1313 757 1378 Restant
792 1311 936 1377 24-25
970 1309 1095 1374 litterae
1128 1308 1268 1373 numeris
1300 1305 1422 1372 diemm

279 1420 396 1487 mensis
426 1427 458 1484 et
486 1417 663 1504 prytaniae.
708 1414 937 1501 Quoscumque
968 1419 1078 1478 autem
1098 1411 1166 1478 dies
1188 1410 1347 1477 secundae
1370 1411 1422 1475 vel

280 1524 393 1590 tertiae
416 1521 543 1586 decadis
566 1519 774 1603 excogitabit,
798 1539 910 1606 omnes
931 1517 1070 1602 spatium
1092 1516 1299 1604 superabunt,
1322 1513 1422 1580 veluti

281 1625 467 1693 brevissima
497 1621 701 1710 significatio:
730 1621 815 1706 ἓκτηι
838 1619 888 1686 ἐπὶ
909 1619 1000 1698 δίκα,
1031 1619 1114 1704 ἓκτηι
1143 1624 1193 1684 καί
1215 1618 1341 1705 δεκίτηι
1364 1621 1419 1698 (27

280 1727 375 1814 litt.):
387 1751 461 1794 nam
473 1725 599 1811 δεκάτηι
611 1723 745 1806 ὑστέραι,
758 1725 900 1806 είκοστῆι,
913 1723 999 1808 quod
1013 1743 1072 1807 per
1083 1725 1189 1808 spatia
1200 1744 1322 1809 ponere
1334 1723 1420 1801 lieet,

278 1855 338 1920 per
360 1831 525 1899 Eleusinia
546 1851 611 1894 non
633 1831 716 1893 lieet.
760 1827 838 1892 Dies
860 1827 958 1911 igitur
980 1827 1098 1892 mensis
1128 1826 1189 1892 luit
1220 1827 1341 1912 primae
1365 1825 1421 1892 de-

281 1937 378 2018 medio,
401 1936 502 2001 veluti
525 1931 659 2018 πίμπτηι
683 1929 858 2013 ἱσταμένου,
880 1927 1015 2026 alpinam
1038 1931 1094 2014 τῆς
1117 1956 1167 2014 πρ.

785 2133 816 2176 ιι.
839 2114 910 2176 403.

382 2270 516 2334 Lacuna
538 2271 605 2333 v.8
628 2267 804 2334 seeundum
826 2269 966 2354 spatium
989 2268 1108 2354 optime
1132 2270 1281 2355 expletur
1300 2269 1420 2334 verbis:

281 2377 363 2462 ἓκτηι
397 2373 448 2440 tut
482 2374 556 2440 δίκα
595 2381 651 2440 aut
688 2374 750 2459 ἓνηι
787 2377 836 2439 καί
871 2373 952 2448 νέαις
993 2375 1079 2440 aliud
1122 2375 1210 2462 quod
1243 2377 1348 2460 aptius
1381 2376 1422 2440 sit

280 2481 334 2544 vix
374 2479 526 2545 invenies.
582 2478 647 2544 Sed
683 2479 862 2563 quaeritur,
903 2479 1064 2562 quomodo
1102 2480 1269 2566 prytaniae
1308 2487 1421 2546 sextae

280 2584 348 2650 dies
384 2582 468 2648 XVI
504 2581 643 2648 innidere
680 2582 825 2667 potuerit
860 2583 893 2646 in
931 2603 1069 2648 mensem
1108 2583 1420 2649 Maemaaterionem.

280 2686 426 2754 Koebler
448 2691 555 2771 putat:
590 2686 677 2766 „sine
701 2684 799 2750 dubio
823 2683 959 2751 seribam
982 2685 1043 2750 hoe
1066 2686 1247 2751 leonillam
1270 2686 1421 2773 temporis

257 2791 436 2866 ,rationem
463 2795 609 2854 senatum
641 2809 728 2870 esse,
758 2809 840 2874 quas
864 2794 950 2854 esset
971 2787 1039 2852 κατ’
1060 2787 1230 2873 ἅρχοντα.“,
1270 2788 1420 2854 Dubitari

279 2897 388 2956 tamen
419 2889 481 2954 boe
511 2889 583 2954 loeo
613 2905 709 2972 posse
739 2907 864 2953 censeo.
909 2887 1028 2954 Sextus
1051 2890 1135 2954 enim
1166 2893 1331 2978 prytaniae
1353 2892 1420 2958 dies

279 2993 365 3059 XVI
386 2991 561 3078 respondet
584 3011 668 3055 anno
691 2990 874 3055 intercalari
896 2991 1086 3057 Posideonis
1109 2992 1173 3059 diei
1196 2996 1307 3062 ultimo
1333 2997 1419 3081 (ἷνηι

280 3099 330 3162 καὶ
351 3094 445 3178 νέαι),
467 3114 551 3160 anno
576 3093 736 3158 communi
751 3092 941 3158 Posideonis
957 3093 1019 3160 diei
1035 3093 1118 3159 XVI
1140 3093 1247 3182 [ἓκτηι
1262 3101 1311 3164 ἐπὶ
1326 3097 1421 3182 δίκα]

278 3201 298 3264 i.
323 3219 353 3264 e.
373 3198 435 3263 illis
465 3197 542 3282 ipsis
573 3195 703 3278 diebus,
733 3215 814 3282 quos
842 3195 990 3260 lacunam
1021 3197 1108 3262 solos
1139 3199 1258 3286 optime
1288 3201 1421 3286 explere

279 3302 424 3368 vidimus.
469 3299 649 3386 Propterea
679 3299 748 3366 veri
776 3298 880 3364 simile
911 3305 960 3366 est
989 3301 1125 3366 scribom
1157 3323 1263 3370 errore
1287 3301 1420 3370 duotum

281 3399 561 3488 Marpaxrqprotrog
593 3401 756 3487 scripsisse
790 3423 849 3488 pro
879 3405 1085 3481 Horatrotvog.
1138 3403 1263 3471 Similes
1295 3427 1420 3472 errores

279 3508 421 3574 invenies
435 3528 489 3572 nn.
509 3507 568 3571 188
581 3512 614 3572 st
629 3505 702 3570 381.
726 3505 842 3571 Utrum
855 3513 964 3572 autem
977 3507 1152 3574 eommunis
1167 3529 1210 3572 nn
1224 3509 1421 3574 intercalaris

280 3612 378 3678 fuerit
399 3631 501 3676 annus
525 3631 590 3675 non
612 3615 711 3695 patet.

709 3816 740 3860 n.
763 3795 826 3858 430
851 3823 890 3847 =
914 3795 987 3858 495.

382 3948 526 4014 'l'itulnm
548 3948 598 4015 bis
621 3947 754 4016 exhibet
769 3947 915 4014 Koebler
937 3955 970 4014 et
992 3947 1044 4012 hie
1059 3953 1092 4013 et
1106 3969 1137 4014 n.
1153 3951 1231 4033 4953
1255 3950 1421 4036 στοιχηδίν

280 4060 431 4118 exaratus
454 4073 519 4118 non
542 4059 598 4118 est.
643 4051 792 4139 Adposui
815 4071 906 4132 eum,
937 4071 1000 4136 quo
1032 4051 1239 4136 intellegatur
1268 4055 1421 4142 seriptum

279 4153 378 4221 fuisse
402 4156 545 4240 ἐκκλησία
567 4157 654 4238 κυρία
677 4157 709 4220 ἐν
732 4161 786 4219 τῶι
810 4151 956 4237 &stirpata
995 4153 1110 4220 Cetera
1133 4157 1272 4243 exempli
1294 4165 1421 4224 tantum
1488 4217 1491 4222 ,

282 4261 385 4345 gratia
408 4261 544 4346 explevi.
590 4261 718 4326 Menses
741 4257 839 4322 luisse
861 4265 996 4343 possunt
1018 4257 1277 4344 Maemnaterion,
1300 4261 1421 4327 Anthe-

282 4365 414 4446 sterion,
438 4363 683 4449 Seirophorion3
706 4362 791 4427 dies:
814 4357 913 4426 ἓνίτει
935 4361 1114 4444 ἱσταμένου,
1144 4361 1242 4430 ίνιίτιι
1265 4369 1319 4450 τῆς
1341 4390 1422 4448 πρυ-
