3274 4934
622 435 665 446 -
712 349 818 480 [riq
845 435 887 444 -
1280 399 1315 460 sr
1354 367 1358 384 '

185 609 254 654 rum
270 587 518 654 dominationem
536 588 599 653 lato
620 587 750 672 (Andos.
765 587 806 653 de
822 595 917 672 myst.
930 589 970 652 83
986 589 1047 669 sq.)
1069 587 1323 654 extraordinaria

185 699 309 758 tantum
339 698 496 778 potestate
525 691 558 757 in
591 699 719 778 tempus
748 699 894 758 senatum
918 691 1022 756 ornari
1045 699 1164 758 censet.
1212 691 1280 776 Ego
1303 713 1323 758 a

186 795 339 862 Koehleri
362 796 507 881 partibus
530 802 615 862 stare
638 795 758 861 malim.
805 796 918 878 Neque
952 794 1035 861 enim
1066 816 1148 880 quae
1178 796 1212 860 in
1241 796 1322 862 libro

189 900 230 966 de
252 921 321 986 rep.
346 898 421 966 Atb.
441 897 643 985 proferuntur
669 899 728 984 (III
751 903 802 980 ll:
829 896 889 986 τὴν
904 899 939 964 di
955 895 1081 986 βουλὴν
1103 896 1324 982 βουλεύεσθαι

192 1007 249 1089 (sc.
260 1003 319 1088 δεῖ)
335 1055 341 1068 .
358 1056 364 1069 .
383 999 513 1068 πολλὰ.
532 1053 538 1068 .
557 1003 637 1089 περὶ
651 1000 767 1086 νόμων
783 1005 918 1085 θέσεως,
936 1004 979 1070 ad
995 1003 1063 1069 sola
1079 1004 1325 1089 probuleumata

189 1116 334 1194 spectare
356 1114 507 1194 possunt:
541 1127 644 1191 neque
676 1107 796 1174 decreti
817 1108 850 1173 in
872 1105 1099 1174 Demosthenis
1122 1107 1324 1175 Timocrates

187 1213 259 1296 §27
276 1211 388 1278 inserti
414 1212 512 1276 verba
534 1207 612 1287 τοὺς
633 1209 670 1276 δὲ
692 1213 879 1294 νομοθέτας
894 1205 981 1278 εἶναι
998 1209 1057 1276 ’ἕνα
1073 1211 1129 1276 καὶ
1144 1210 1323 1294 pallescis

188 1322 253 1381 τῶν
276 1309 513 1397 ὀμωμοκότων,
542 1315 800 1397 συννομοθετεῖν
822 1313 859 1379 δὲ
881 1315 938 1378 καὶ
961 1311 1020 1401 τὴν
1041 1311 1167 1402 βουλήν
1193 1315 1324 1400 neglegi

188 1419 274 1486 licet.
308 1417 374 1484 Sed
391 1419 517 1484 omnino
534 1417 762 1484 Fraenkelium
784 1417 916 1484 nimium
939 1418 1109 1502 iudicibus,
1136 1439 1248 1504 parum
1271 1439 1324 1486 se-

188 1521 277 1588 natui
299 1521 449 1587 tribuisse
472 1521 677 1587 manifestum
705 1527 764 1588 est.
812 1523 926 1604 Itaque
948 1541 999 1588 res
1022 1523 1070 1588 sic
1091 1523 1197 1608 potins
1219 1524 1325 1609 expli-

188 1625 293 1690 canda
325 1632 384 1692 est.
432 1626 574 1711 Populus
612 1625 640 1691 si
669 1645 754 1691 anno
787 1625 916 1692 ineunte
946 1625 1131 1692 decreverat
1158 1627 1199 1692 de
1232 1625 1324 1694 novis

188 1727 315 1811 legibus
338 1748 421 1811 quae
443 1727 626 1813 propositae
648 1735 739 1794 erant
760 1727 1003 1794 deliberandum
1027 1748 1109 1810 esse,
1132 1735 1322 1814 potestatem

188 1831 296 1916 legum
326 1831 562 1898 sciscendarum
586 1832 713 1898 senatui
735 1839 830 1916 atque
859 1833 1007 1899 hcliastis
1041 1833 1119 1916 (sive
1141 1833 1325 1918 quingentis

189 1935 257 2000 sive
280 1935 368 2002 mille
392 1935 460 2001 sive
483 1935 580 2000 etiam
604 1935 758 2020 pluribus).
786 1936 1011 2018 committebat,
1038 1937 1092 2022 qui
1108 1937 1234 2021 legibus
1249 1957 1324 2022 pro-

190 2037 302 2122 positis
332 2037 524 2104 examinatis
552 2058 590 2104 ac
619 2039 817 2124 privatorum
840 2059 966 2123 quoque
996 2039 1158 2106 hominum
1182 2039 1324 2106 consiliis

189 2142 357 2226 perpensis
386 2149 443 2208 aut
469 2148 595 2208 veteres
624 2143 714 2227 leges
742 2143 964 2210 confirmarent
992 2153 1048 2210 ant
1070 2163 1168 2210 novas
1190 2143 1321 2210 ferrent.

190 2243 311 2312 Eodem
335 2245 428 2312 modo
450 2247 602 2332 populum
632 2254 800 2332 postquam
830 2246 1026 2314 decrevisset
1054 2267 1170 2314 norum
1194 2267 1323 2314 censum

191 2349 373 2416 habendum
405 2369 493 2432 esse,
527 2350 621 2416 tactis
651 2351 804 2434 suffragio
827 2350 975 2417 creandis
1005 2351 1132 2418 senatui
1165 2351 1324 2418 iudicibus

190 2473 320 2520 censum
355 2453 559 2520 mandavisse
589 2454 770 2521 Koehlerus
805 2475 881 2521 vere
913 2453 1035 2522 indicat
1068 2456 1099 2540 (l.
1126 2456 1147 2520 l.
1174 2478 1205 2542 p.
1236 2459 1320 2540 137).

190 2557 261 2635 Qua
283 2558 315 2622 in
339 2577 372 2624 re
395 2557 483 2624 band
505 2557 601 2624 dubie
620 2557 750 2624 ataetb
764 2558 952 2625 tributorum
969 2579 1112 2626 summae
1128 2560 1320 2645 propositae,

190 2682 210 2726 a
232 2669 347 2727 senatu
370 2669 402 2728 et
424 2661 553 2728 heliaca
575 2661 702 2727 demum
725 2661 868 2745 legitime
891 2670 979 2729 ratae
1002 2663 1107 2729 laetae
1122 2669 1206 2728 sont.
1241 2664 1325 2730 Con-

190 2774 240 2832 tra
256 2765 447 2831 Fraenkelio
470 2765 551 2830 tides
573 2764 743 2831 tribuenda
764 2786 827 2831 non
850 2773 900 2832 est
915 2787 985 2832 cum
1002 2765 1088 2832 dieat
1109 2767 1139 2848 ll.
1158 2767 1180 2832 l.
1200 2787 1233 2852 p.
1248 2770 1320 2850 48):

186 2862 280 2933 ‘Wir
301 2869 375 2933 sind
395 2869 451 2933 dor
471 2869 667 2932 ‘bestimmten
686 2871 937 2955 Uederzcaquup,
963 2871 1036 2934 daos
1058 2871 1115 2934 der
1130 2873 1253 2935 Amata
1268 2873 1324 2934 cler·

194 2973 441 3036 Tribataummca
463 2971 497 3034 ia
518 2972 575 3034 der
605 2971 932 3058 Volkaveraammluap
955 2973 1109 3058 crsolqtc'.
1152 2971 1245 3052 Quod
1267 2974 1324 3039 ille

191 3075 361 3158 collegite
383 3075 419 3141 O.
445 3075 471 3138 l.
497 3075 536 3138 Α.
563 3075 578 3138 Ι
601 3079 653 3156 40,
686 3075 738 3140 cui
760 3075 861 3160 lapidi
890 3077 986 3161 plura
1014 3075 1144 3142 decreta
1172 3077 1325 3162 inscripta

192 3186 275 3261 sunt,
302 3177 396 3244 annis
418 3177 470 3244 01.
497 3181 547 3253 88,
578 3181 590 3241 l
618 3186 650 3244 et
673 3183 692 3242 3
715 3178 802 3245 facta
824 3179 865 3245 de
888 3179 1097 3262 Methonaeis‚
1131 3167 1246 3264 quibus
1268 3201 1325 3266 po
1404 3247 1407 3254 ,

192 3282 258 3366 puli
274 3282 363 3347 iussn
379 3281 530 3349 tributum
545 3281 592 3347 ita
607 3281 785 3382 'Qtufv
808 3291 843 3349 ut
863 3304 927 3349 non
948 3284 1123 3370 imperetur
1144 3284 1207 3350 nisi
1229 3303 1325 3350 sexa-

191 3385 316 3468 gesima
338 3405 413 3471 pars
435 3405 517 3468 qnae
540 3385 703 3452 Minervae
726 3407 766 3452 ex
788 3387 914 3452 tributis
935 3385 1079 3454 debetur.
1126 3388 1224 3471 Atqui
1253 3407 1324 3452 oum

191 3509 307 3554 census
335 3489 524 3555 tributorum
553 3489 608 3572 qui
642 3490 767 3574 proprie
790 3497 921 3557 vocatur
949 3489 1051 3572 (τάξις
1074 3487 1195 3577 φόρον)
1221 3511 1251 3557 a.
1271 3491 1322 3557 Ol.

194 3597 245 3672 st,
273 3597 290 3655 4
315 3599 347 3659 et
369 3595 420 3670 88,
448 3598 464 3654 4
490 3591 595 3658 faetus
617 3592 669 3664 sit,
696 3599 780 3659 certe
803 3593 863 3659 boc
886 3593 956 3660 loco
978 3615 1041 3660 non
1064 3594 1105 3660 de
1120 3593 1327 3660 Methonaeo-

192 3717 261 3762 rum
284 3696 401 3762 tributo
423 3696 534 3782 populi
557 3696 721 3780 suffragiis
736 3717 938 3786 amo
953 3698 1070 3782 agitur,
1089 3697 1148 3764 sed
1163 3699 1325 3784 proprium
1341 3691 1604 3778 miraeus-llll

193 3799 352 3883 quoddam
376 3799 426 3865 ius
448 3799 489 3865 iis
513 3799 606 3865 datur
628 3800 737 3866 tributi
778 3801 873 3884 quale
896 3821 917 3866 a
939 3809 1052 3868 senatu
1074 3807 1107 3868 et
1127 3801 1245 3868 iudicio
1268 3801 1326 3868 de·
1357 3816 1411 3894 apr
1425 3795 1566 3882 „apum

192 3912 313 3970 eretum
336 3911 415 3983 erat,
441 3911 564 3990 partem
587 3910 709 3970 tantum
734 3905 925 3988 pensitandi.
970 3905 1052 3971 Hine
1077 3905 1182 3991 potius
1212 3905 1325 3972 conlir-
1353 3899 1522 3994 mad-blaa

194 4015 297 4072 uratur
319 4007 470 4093 populum
493 4007 680 4092 participem
704 4027 767 4073 non
789 4007 890 4073 fuisse
912 4027 1027 4074 census
1050 4007 1252 4075 aestimandi.

279 4111 397 4176 Contra
430 4109 532 4175 socios
561 4109 648 4195 ipsos
681 4111 713 4175 in
744 4109 861 4177 tributo
892 4111 1062 4178 statuendo
1089 4111 1223 4178 Periclis
1253 4113 1325 4197 qui·

193 4213 266 4278 dem
304 4219 409 4280 aetate
451 4233 563 4298 preces
606 4213 746 4298 prolerre
791 4215 932 4300 potuisse
972 4217 1071 4281 verba
1106 4215 1322 4295 iurisiurandi,

193 4317 278 4398 quod
314 4339 344 4382 a.
378 4317 428 4383 Ol.
463 4321 520 4400 83,
555 4323 573 4380 4
611 4317 840 4384 Chalcidenses
884 4318 1041 4385 dederunt
1077 4320 1327 4387 Atheniensibus
