3274 4934
280 492 321 554 40
476 505 481 514 ·
802 478 891 564 [252]

381 678 464 742 Satis
487 677 588 762 liquot
610 673 874 760 prosphoneticos
898 673 1090 738 vocabulum
1121 675 1152 738 in
1176 673 1304 739 Horatii
1329 673 1417 739 nodi·

279 784 367 848 cibos
391 803 453 846 non
477 802 548 844 eam
571 780 690 844 habere
721 778 883 863 propriam
912 778 1177 862 significationem
1204 799 1298 864 quarn
1327 779 1415 863 apud

279 887 423 954 rhetores
446 885 543 948 habet
557 885 575 963 ¹,
598 905 670 948 curn
693 883 820 946 illorum
852 884 1028 948 carminum
1060 883 1148 948 nullo
1178 903 1282 968 neque
1310 884 1414 968 ipsum

169 986 173 995 ’
280 991 449 1055 Gaesarem
479 1009 583 1072 neque
611 988 831 1071 magistratum
862 985 1061 1072 adloquatur.
1114 985 1287 1052 Praeterea
1320 1008 1415 1071 argu-

279 1102 387 1160 menta
411 1093 586 1157 carminum
608 1091 685 1156 nihil
709 1090 785 1154 certi
809 1089 849 1153 ad
873 1090 959 1155 vocis
988 1089 1252 1174 significationem
1283 1090 1414 1154 cirrum-

279 1195 478 1262 soribendam
501 1195 657 1258 afferunt:
680 1200 754 1258 sunt
778 1193 862 1256 enim
884 1193 960 1257 satis
984 1191 1100 1258 diversi
1122 1193 1260 1274 generis.
1298 1194 1415 1280 Itaque

279 1300 456 1364 invenimus
478 1303 651 1383 praecepta
669 1297 854 1382 monitaque
878 1295 911 1379 (1
934 1299 984 1360 38.
1008 1295 1089 1362 112.
1116 1301 1165 1362 14.
1189 1296 1242 1361 ΙΙΙ
1258 1298 1323 1378 29),
1346 1298 1416 1363 lau·

279 1403 336 1468 des
366 1403 499 1468 deorum
531 1402 757 1485 hominumque
788 1397 816 1481 (Ι
848 1399 992 1466 12.ΙΙΙΙ
1016 1401 1062 1480 4),
1092 1401 1168 1466 artis
1196 1421 1273 1465 suae
1301 1401 1413 1466 laudes

278 1505 310 1588 (Ι
333 1505 399 1587 32),
421 1525 532 1590 proces
555 1504 624 1586 (ΙΙΙ
649 1505 711 1584 11),
741 1503 962 1567 invitationem
997 1502 1028 1584 (I
1058 1502 1126 1587 20),
1155 1505 1244 1570 lusus
1271 1505 1412 1570 ludifica-

278 1609 451 1694 tionesque
474 1609 504 1689 (Ι
527 1611 556 1673 5.
580 1607 615 1672 II
639 1608 684 1688 4),
708 1609 805 1672 verba
827 1607 1103 1694 propemptica(I
1126 1612 1156 1674 3.
1180 1608 1232 1674 111
1254 1609 1320 1690 27),
1337 1631 1413 1695 gau·

279 1713 332 1778 dia
353 1713 481 1798 publica
504 1713 693 1800 privataque
716 1709 745 1792 (Ι
761 1714 812 1776 37.
836 1711 870 1776 ΙΙ
884 1716 926 1793 7),
943 1713 1029 1776 varia
1046 1713 1125 1796 alia3
1148 1733 1247 1798 quare
1263 1714 1323 1778 rim
1340 1714 1414 1780 huic

279 1817 347 1882 voci
378 1817 455 1882 satis
486 1816 623 1902 amplam
656 1817 731 1901 quin
762 1816 973 1880 attribuamus
1004 1815 1108 1880 iacere
1139 1837 1203 1882 uon
1233 1838 1412 1901 possumus.

259 1921 431 1995 ‘Quamvis
455 1922 538 1986 enirn
561 1919 730 2004 diligenter
754 1939 953 2004 quaeramus,
976 1939 1039 2004 qua
1054 1919 1177 1984 ratione
1198 1921 1330 2006 singulis
1345 1942 1413 1985 aar·

278 2025 413 2090 minibus
436 2025 597 2089 adlocutio
621 2023 848 2107 (προσφώνησις
872 2023 924 2088 vel
941 2019 1170 2107 προσφώνημα)
1194 2025 1413 2107 baunonia

279 2130 415 2194 multum
440 2129 631 2214 proficimus.
682 2126 841 2212 Equidem
871 2147 952 2212 quae
984 2149 1098 2194 eruero
1127 2128 1203 2192 mihi
1231 2130 1316 2196 visus
1344 2130 1414 2206 sim,

278 2233 386 2319 paucis
410 2233 550 2297 afferam.

381 2337 490 2421 Atque
512 2337 574 2400 hoe
602 2335 731 2421 quidem
760 2339 886 2400 constat
916 2333 985 2402 iere
1016 2336 1157 2400 omnium
1186 2357 1296 2401 corum
1329 2357 1411 2421 quae

276 2441 489 2506 inscribantur
511 2439 757 2526 prosphonetico
781 2440 953 2506 carminum
976 2439 1046 2526 ipso
1066 2439 1154 2504 initio
1169 2461 1337 2524 personam
1354 2443 1411 2506 ali·

276 2565 371 2630 quarn
394 2543 510 2609 diserte
533 2545 687 2631 appellari
710 2544 761 2610 rel
788 2543 929 2610 indicari.
975 2543 1070 2618 Quod
1101 2564 1164 2629 quo
1194 2546 1307 2610 melius
1335 2553 1411 2611 ante

277 2649 387 2714 oculos
409 2655 593 2734 poneretur,
617 2648 790 2714 carminum
812 2649 965 2735 principia
987 2648 1154 2733 adscripsi:

378 2751 394 2816 Ι
417 2755 455 2816 3:
479 2752 533 2817 Sic
556 2759 592 2816 le
614 2753 688 2816 diua
709 2759 818 2836 pateas
840 2751 950 2838 Cypri,
973 2751 1028 2818 Sic
1043 2752 1174 2836 fratres
1189 2752 1339 2836 Helenae,
1363 2755 1411 2818 lu·

277 2855 350 2918 aida
371 2855 490 2935 sidera,
518 2853 747 2940 Ventorumque
768 2863 860 2940 rapat
880 2864 974 2939 pater·
999 2855 1164 2922 obstrictis
1187 2858 1261 2922 aliia
1280 2864 1412 2941 practar

274 2957 413 3040 Iapypa,
435 2956 472 3022 N
475 2959 542 3020 aui
550 2978 575 3038 a,
598 2979 677 3043 quae
699 2965 753 3023 etc.
771 2957 783 3041 Ι)
805 2959 822 3022 Ι
846 2966 880 3026 5:
902 2960 980 3040 Quia
1002 2961 1104 3026 multa
1118 2961 1251 3044 pradilis
1275 2967 1310 3024 te
1329 2983 1412 3046 puer

274 3063 309 3124 iu
338 3081 413 3124 rosa
442 3059 601 3144 Perfusus
629 3062 758 3146 liquidis
786 3070 880 3148 uryet
909 3062 1058 3128 odoribus
1088 3061 1205 3147 Grato,
1235 3063 1410 3147 Pyrrlra,

194 3223 199 3228 .
274 3166 330 3228 sub
354 3163 471 3228 antro?
485 3166 497 3245 Ι(
521 3163 613 3228 112:
636 3165 733 3244 Quem
752 3167 855 3230 uirum
872 3173 928 3230 aut
942 3165 1037 3232 beroa
1060 3168 1135 3252 lyra
1157 3168 1204 3232 vel
1225 3169 1296 3232 acri
1319 3165 1412 3232 Tibia

274 3269 397 3332 sumis
427 3266 590 3351 celebrare,
621 3267 705 3334 Clio
735 3276 789 3334 cta.
826 3268 837 3350 ΙΙ
867 3269 965 3335 120:
992 3269 1062 3335 Vile
1082 3269 1250 3354 potabis
1278 3271 1411 3336 modicis

275 3369 428 3435 Sabinum
444 3419 743 3438 ...............
761 3393 806 3437 vs.
822 3376 858 3438 5:
876 3393 967 3438 cara
981 3372 1199 3440 Maecenas
1214 3382 1269 3440 eto.
1293 3372 1306 3457 Ι(
1322 3375 1410 3440 132:

274 3472 448 3538 Posuimur.
473 3476 503 3538 si
522 3474 598 3559 quid
619 3478 713 3540 vacui
733 3475 789 3540 acb
811 3475 925 3541 umbra
947 3475 1099 3542 Minimus
1120 3485 1258 3559 tecum,
1280 3479 1362 3564 quod
1382 3485 1411 3542 et

273 3575 356 3640 burro
377 3579 412 3640 iu
435 3599 554 3642 aurium
580 3577 676 3643 Vivat
697 3585 725 3644 et
741 3580 861 3663 pluria,
887 3601 946 3660 aaa
968 3579 1020 3645 clia
1042 3580 1204 3662 Latinum,
1225 3581 1410 3662 Barbita,

274 3699 407 3744 carmen.
442 3679 454 3762 ll
488 3678 586 3745 137:
617 3679 713 3745 Nunc
745 3687 790 3746 cst
810 3681 984 3766 bibendum,
1013 3703 1097 3748 uuuc
1116 3685 1193 3767 peda
1215 3683 1310 3749 libero
1333 3682 1409 3749 Pul·

273 3781 377 3846 saada
399 3785 500 3866 tellus,
522 3804 607 3848 uuna
630 3783 811 3849 Saliaribus
836 3783 961 3852 Οιιιανι
978 3786 1134 3870 puluinar
1156 3789 1295 3870 ueram,
1322 3787 1409 3854 Tem·

269 3903 332 3965 pus
354 3892 423 3949 arat
441 3887 586 3970 dapibus,
609 3889 784 3954 sodales.
811 3887 823 3972 (Ι
847 3889 862 3953 Ι
885 3891 944 3955 38:
968 3889 1191 3974 Perciaoaodi,
1210 3913 1329 3976 puer,
1352 3913 1409 3977 ap-

270 3994 408 4069 paratus
430 3996 485 4056 etc.
513 3993 525 4071 Ι)
550 3989 584 4054 II
607 3994 643 4056 2:
665 3990 783 4056 Nullus
813 4000 945 4078 arquato
974 3994 1059 4060 color
1088 4001 1132 4060 eet
1155 3995 1266 4060 αυιινίι
1294 3994 1409 4060 Abdita

273 4093 377 4172 tauris,
400 4094 525 4159 inimice
546 4096 672 4160 lamnae
696 4095 838 4182 Crispe
861 4097 1038 4163 Sallusti
1059 4105 1114 4164 etc.
1142 4097 1154 4180 ll
1182 4096 1214 4162 II
1237 4103 1275 4164 4:
1297 4095 1346 4165 Na
1367 4100 1409 4164 ait

272 4193 407 4260 ancillae
429 4195 505 4261 tibi
527 4219 618 4263 amor
636 4200 768 4284 pudori,
791 4199 977 4267 Xaatbia
1000 4200 1160 4266 Pboceu
1181 4207 1235 4266 etc.
1269 4201 1282 4284 Ι)
1312 4199 1347 4266 II
1370 4203 1407 4266 6:

276 4349 479 4360 -a————

376 4421 384 4456 ¹
404 4421 438 4474 et.
452 4421 578 4476 Monoud.
596 4431 652 4495 περὶ
672 4420 846 4480 ἐπιδεικτικῶν
860 4429 903 4481 ΠΙ
919 4429 980 4494 414,
992 4426 1027 4482 32
1044 4427 1147 4496 Speug.
1160 4411 1186 4482 ri
1197 4443 1280 4496 supra
1292 4445 1318 4497 p.
1328 4426 1370 4482 24.
