3276 4932
595 1297 915 1396 PRAEFATIO.

270 1667 313 1732 M.
328 1667 459 1734 Terenti
471 1666 621 1732 Varronis
634 1666 674 1732 de
690 1666 801 1750 lingua
813 1665 928 1731 Latina
943 1665 1093 1732 librorum
1108 1687 1191 1750 quac
1208 1686 1321 1752 super-

184 1777 258 1836 sunt
284 1771 372 1836 haud
394 1771 440 1836 ita
470 1771 583 1856 paucis
606 1769 769 1836 codicibus
793 1777 920 1835 servata
941 1769 984 1834 ad
1013 1775 1153 1834 nostram
1183 1777 1321 1836 aetatem

182 1881 406 1958 pervenerunt,
432 1895 511 1958 quos
527 1876 671 1958 omnes*)
697 1873 884 1939 iamdudum
900 1872 984 1938 inter
1006 1873 1090 1938 viros
1113 1873 1222 1939 doctos
1246 1893 1321 1938 oon-

183 1983 247 2043 stat
268 1999 309 2044 ex
332 1998 394 2043 uno
421 1977 478 2043 illo
501 1977 581 2043 libro
609 1976 801 2060 defluxisse,
834 1977 890 2062 qui
919 1977 1048 2042 saeculo
1070 1977 1118 2041 XI
1148 1977 1181 2042 in
1204 1977 1321 2042 Montis

182 2080 292 2146 Casini
320 2081 512 2147 monasterio
540 2081 655 2147 litteris
677 2081 930 2166 Langobardiois
960 2087 1111 2146 exaratus
1142 2086 1174 2145 et
1203 2079 1321 2145 deinde

182 2185 364 2251 Florentiae
394 2185 428 2250 in
457 2185 652 2252 bibliotheca
673 2185 838 2250 Marciana
865 2183 1055 2249 adservatus
1081 2203 1166 2248 nune
1188 2183 1321 2249 Floren-

181 2287 247 2354 tiae
268 2288 301 2354 in
325 2287 520 2355 bibliotheca
535 2289 753 2355 Laurentiano
774 2289 877 2374 plutei
892 2289 935 2352 LI
957 2287 1058 2354 codex
1073 2287 1105 2352 X
1128 2295 1188 2352 est.
1229 2288 1321 2352 Hunc

181 2391 314 2470 librum,
341 2413 434 2476 quem
457 2399 533 2459 nota
555 2396 589 2457 F
606 2393 811 2478 significabo,
836 2412 921 2457 anno
944 2391 1087 2456 MDXXI
1109 2391 1224 2456 Petrus
1246 2391 1321 2457 Vic

181 2497 281 2561 torius
296 2516 366 2562 curn
383 2517 432 2580 eo,
459 2517 522 2580 quo
540 2498 697 2579 utebatur,
724 2496 874 2563 editionis
896 2495 1051 2580 principis
1074 2495 1222 2578 exemplu
1245 2515 1321 2560 con-

181 2599 265 2682 tulit,
290 2598 325 2664 in
348 2599 438 2665 ouius
460 2599 523 2666 fine
546 2600 627 2666 haec
649 2601 812 2685 leguntur:
849 2601 975 2664 »Petrus
991 2597 1148 2664 Victorius
1167 2619 1206 2663 ao
1223 2599 1321 2663 Jaco-

181 2702 241 2767 bus
263 2702 429 2769 Diacetius
452 2704 644 2770 contulimus
674 2725 746 2768 oum
768 2709 894 2768 vetusto
925 2702 1034 2768 codice
1063 2722 1103 2766 ex
1132 2701 1198 2766 divi
1221 2701 1320 2767 Marci

180 2805 375 2873 bibliotheca
403 2807 505 2874 literis
535 2807 741 2892 longobardis
765 2813 913 2889 exarato,
946 2813 1037 2871 tantu
1059 2804 1228 2888 diligentia
1251 2806 1319 2870 sivc

130 2940 132 2945 ·
180 2909 288 2994 potius
312 2930 437 2976 morosa
458 2911 690 2992 observatione,
718 2917 753 2976 ut
769 2909 821 2976 vel
837 2929 920 2992 quae
942 2909 976 2973 in
999 2928 1037 2973 eo
1060 2915 1205 2994 corrupte
1228 2907 1319 2992 lego-

181 3011 305 3096 bantnr,
332 3014 366 3078 in
389 3015 474 3080 bnnc
495 3015 780 3081 transmittimus«

266 3117 326 3183 His
341 3119 448 3185 verbis
469 3119 607 3185 confisus
622 3118 742 3185 Leonh.
762 3117 902 3202 Spengel
919 3115 1049 3182 Victorii
1073 3115 1224 3181 lectiones
1246 3115 1318 3180 ubi-

180 3240 259 3303 que,
293 3221 425 3304 perinde
448 3242 487 3287 ac
509 3222 536 3286 si
558 3222 662 3307 ipsius
685 3221 804 3286 codicis
826 3226 950 3302 essent,
976 3219 1009 3283 in
1033 3239 1104 3283 earn
1128 3239 1224 3301 quanr
1246 3217 1317 3302 ipse

179 3324 306 3408 paravit
319 3325 508 3390 Varroniani
531 3325 636 3411 operis
652 3324 826 3390 editionem
853 3324 892 3404 (a.
915 3324 1005 3398 1826)
1031 3321 1204 3386 transtulit.
1248 3321 1317 3386 Nec

179 3433 285 3494 tamen
308 3437 430 3496 tantam
452 3431 520 3496 illis
542 3430 639 3495 fidem
661 3430 780 3496 babere
802 3428 950 3494 debebat.
999 3427 1125 3492 Etenim
1146 3427 1314 3508 Victorius,

179 3553 243 3614 qua
265 3540 356 3598 crant
377 3534 465 3600 illius
488 3534 611 3600 saeculi
633 3534 778 3599 homines
800 3533 833 3598 in
852 3531 1016 3598 codicibus
1039 3529 1242 3596 conferendis
1265 3549 1318 3595 so-

180 3634 298 3718 cordia,
325 3658 388 3702 non
411 3639 514 3704 solum
531 3638 707 3704 sescenties
730 3637 804 3702 libri
821 3635 995 3720 scripturas
1010 3635 1051 3700 ab
1067 3633 1207 3699 editione
1229 3633 1317 3718 prin-

180 3739 251 3824 cipe
273 3740 492 3826 discrepantes
514 3760 644 3828 prorsus
665 3739 819 3824 neglexit,
846 3738 1069 3804 verumetiam
1086 3757 1184 3821 saepe
1208 3736 1317 3802 codice

179 3843 282 3910 obiter
303 3844 447 3931 inspecto
469 3846 521 3912 vel
545 3845 668 3911 similes
690 3845 814 3910 litteras
836 3842 1030 3929 permutavit
1051 3842 1103 3907 vel
1127 3839 1317 3924 compendia

180 3947 357 4033 scripturae
379 3949 464 4014 male
486 3949 654 4015 intellexit.

248 4157 270 4220 *l
298 4157 352 4212 nisi
377 4155 452 4227 quod
476 4153 662 4224 fragmentum
686 4154 760 4225 quod
786 4154 885 4208 dicunt
903 4152 1057 4207 Ousinenso
1081 4150 1170 4220 quinti
1195 4150 1258 4204 libri
1278 4151 1314 4205 ds

179 4242 249 4298 urbe
266 4243 357 4298 Roma
375 4245 467 4299 locum
485 4245 630 4298 continens
649 4258 684 4296 ox
703 4243 759 4296 alio
777 4240 933 4296 vetustiore
960 4237 1037 4292 sonte
1056 4243 1217 4306 excerptum
1236 4238 1316 4292 vide-

180 4338 233 4387 tur.
271 4332 332 4398 Qua
351 4331 387 4385 do
405 4347 436 4384 ro
454 4329 528 4385 conl.
549 4329 680 4400 Spengel,
701 4327 796 4384 Uebor
814 4327 860 4382 die
879 4325 975 4380 Kritik
993 4341 1056 4395 pag.
1072 4326 1119 4441 4Ξ1
1132 4339 1174 4393 sq.

1071 4413 1082 4462 l
