3248 4928
653 445 695 454 -
744 408 828 491 poc]
875 443 919 454 -
1306 409 1345 468 ετ

207 599 291 665 inter
312 595 374 686 τὴν
395 595 595 684 συγγραφὴν
616 603 649 664 ct
670 597 727 662 ael
749 597 997 672 Πενθεσιλείας
1025 595 1112 681 apud
1134 594 1224 660 illum
1248 594 1347 660 collo-

209 710 297 770 catas
318 702 391 788 ipsa
412 702 445 767 iu
468 702 531 768 fine
554 701 707 783 collocat,
742 722 805 785 quo
828 701 956 768 facilius
979 699 1150 766 adnectere
1172 699 1273 784 possit
1295 718 1348 765 se-

208 806 340 891 quentia
369 806 590 873 onavorino
613 828 644 892 p.
666 809 747 870 1413
776 806 894 890 (Tacta.
920 807 998 889 Lyc.
1025 805 1097 885 384)
1124 803 1243 888 petita,
1275 803 1348 886 qui-

135 949 139 956 ·
210 912 271 976 bus
293 930 462 996 perperam
479 909 615 975 candem
631 916 727 992 atque
750 907 1017 994 praecedentibus
1036 906 1190 991 originem
1205 906 1349 974 vindicat

209 1015 322 1080 Flach.
370 1015 407 1078 ln
431 1013 564 1098 reliquis
586 1013 752 1097 utriusque
775 1014 874 1079 verba
902 1011 1042 1077 maxime
1065 1017 1254 1094 congmunt,
1284 1011 1347 1078 nisi

210 1117 298 1202 quod
320 1138 379 1183 sua
401 1118 527 1202 utrique
548 1117 629 1184 vitia
653 1125 737 1183 sunt.
784 1118 888 1201 Atque
910 1116 997 1200 apud
1020 1115 1190 1200 Cyriacum
1217 1115 1346 1198 quidem

209 1221 344 1306 menda,
381 1221 497 1306 quibus
528 1229 615 1288 caret
643 1221 803 1304 Eudocia,
840 1220 1122 1306 deprehenduntur
1148 1219 1245 1285 haee:
1287 1225 1347 1286 τοῦ

212 1324 270 1390 ἐντὶ
285 1320 398 1406 Ἴλιον,
426 1325 483 1390 καὶ
506 1321 611 1392 αὐτοῦ
630 1318 839 1412 Ἰδομενῆος
863 1327 1185 1409 σνστρατεοομένοα.
1231 1324 1348 1391 Melius

209 1429 369 1495 Eudocia:
388 1436 449 1496 τοῦ
464 1427 522 1494 ἐντὶ
532 1424 636 1495 Ἴλιον
650 1429 708 1494 καὶ
720 1422 824 1496 αὐτοῦ
832 1423 1005 1510 Ἰδομενεῖ
1021 1432 1343 1513 σοστρατενομένοα.

210 1533 291 1598 Tum
315 1555 347 1618 p.
373 1535 435 1598 403
462 1533 581 1598 rectius
610 1531 754 1599 Eudocia
781 1525 821 1598 od
849 1533 986 1598 collocat
1012 1537 1087 1599 ante
1116 1531 1347 1618 προσδεχομέ-

209 1660 299 1718 νοις,
331 1655 402 1703 cum
432 1637 558 1703 omittat
580 1636 754 1722 (tyriacus,
785 1643 818 1703 ct
841 1634 1068 1720 ἐπιθεμένους
1097 1636 1222 1719 scribit,
1256 1635 1346 1702 cuius

210 1741 278 1807 loco
302 1739 501 1824 ἐντιεμένοσς
523 1739 598 1824 (lyr.

295 1845 414 1911 Contra
436 1843 529 1928 plura
552 1851 626 1911 sunt
640 1843 803 1910 Eudociac
818 1844 897 1910 vitia
919 1844 1109 1929 peculiaria:
1146 1837 1345 1923 ἀξιοπίστο-

210 1972 267 2025 τος
289 1949 386 2032 Eud„
415 1941 696 2028 ἀξιοπιστότατος
718 1948 792 2033 Cyr.
830 1946 835 2036 1
877 1944 1046 2034 προχώρει
1068 1949 1165 2032 Eud„
1192 1944 1348 2036 προύχώ-

209 2076 261 2137 ρει
283 2052 358 2138 Oyr.
394 2051 399 2138 l
434 2048 797 2136 στρατοπεδεύσασθαι
819 2051 915 2135 Eud„
942 2073 1219 2138 μεταστρατοπ.
1238 2053 1314 2138 Cyr.
1341 2053 1344 2138 l

209 2156 292 2221 Tum
325 2177 357 2241 p.
387 2158 448 2220 403
484 2159 817 2238 κατασκεαομένοας
852 2155 954 2237 Eud,
999 2159 1346 2242 κατασκεψομένους

211 2258 284 2343 Cyr.
316 2257 320 2344 Ι
350 2259 626 2324 Πενθεσιλείαν
647 2258 745 2340 uod,
772 2260 1023 2326 Πενθεσίλειαν
1042 2260 1115 2346 Gyr.
1147 2259 1152 2348 Ι
1183 2254 1346 2326 ἀποκοσ-

208 2373 309 2428 νυῑαν
330 2362 427 2445 Eud,
454 2356 694 2428 ἀπεκτονσῑαν
716 2362 791 2448 (lyr.

296 2465 387 2544 Quae
410 2485 481 2531 cum
511 2465 558 2532 ita
580 2465 661 2548 sint,
695 2465 833 2532 dubitari
863 2466 974 2550 nequit
1000 2468 1078 2550 quin
1108 2467 1245 2534 eundem
1276 2468 1347 2534 lou-

209 2577 273 2636 tem
296 2569 440 2636 Eudocia
462 2575 573 2637 secuta
602 2570 645 2637 sit
675 2590 770 2653 quem
793 2571 963 2637 Moronius.
1011 2570 1123 2638 Edidit
1150 2577 1257 2638 autem
1281 2573 1346 2658 (ly-

209 2674 289 2739 riaoi
311 2674 545 2760 epigrammata
566 2673 728 2740 Morouius
751 2695 769 2740 c
792 2674 901 2741 codice
923 2674 1019 2741 hodie
1042 2675 1208 2761 deperdito
1231 2695 1346 2742 sccun-

210 2777 285 2843 dum
313 2779 559 2860 Mommsenum‚
598 2799 660 2861 quo
689 2799 707 2845 e
736 2778 817 2844 libro
846 2785 998 2864 excerpta
1026 2779 1159 2864 antiqua
1191 2782 1347 2848 nonnulla

209 2887 320 2947 extant
351 2880 484 2947 Graecis
513 2881 702 2966 plemmque
731 2882 870 2948 omissis.
917 2881 1023 2959 Quare
1052 2889 1157 2948 utrum
1179 2883 1213 2950 in
1235 2885 1345 2950 codiee

208 2984 290 3050 illud
313 2983 353 3050 dc
376 2984 491 3068 Dictye
522 2991 619 3070 caput
640 2986 803 3051 Morouius
832 2986 991 3052 invenerit
1020 3007 1062 3052 au
1091 2986 1222 3054 aliunde
1251 2988 1346 3054 addi·
1458 3069 1460 3080 Ι

210 3085 308 3168 derit,
342 3108 534 3171 quamquam
564 3088 639 3154 sciri
668 3089 793 3173 nequit,
828 3096 936 3156 tamen
965 3090 997 3156 in
1027 3090 1138 3157 codice
1161 3091 1289 3175 Cyriaci
1311 3092 1345 3158 id

210 3190 361 3275 seriptum
390 3191 492 3256 luisse
514 3191 720 3258 verisimilius
743 3200 809 3274 cst,
828 3193 991 3277 quoniam
1020 3214 1084 3278 qua
1113 3193 1154 3260 de
1181 3215 1281 3260 eausa
1308 3217 1345 3263 co

209 3293 409 3380 potissimum
440 3295 510 3361 loco
538 3296 728 3380 particulam
755 3304 787 3363 et
807 3320 828 3363 a
850 3298 1117 3384 praecedentibus
1140 3305 1172 3364 ct
1193 3299 1234 3364 ab
1256 3289 1346 3366 inse'-

209 3398 381 3480 quentibus
404 3399 500 3482 plane
522 3399 664 3465 alienam
686 3400 839 3483 intulerit,
866 3402 1020 3486 explicari
1035 3423 1097 3467 non
1113 3407 1227 3488 potest.
1268 3404 1347 3470 Utut

210 3507 269 3583 est,
298 3522 403 3583 neque
426 3503 559 3568 Moronii
581 3504 754 3570 editionem
777 3505 924 3571 adhibuit
945 3506 1089 3572 Eudocia
1111 3527 1215 3590 neque
1237 3507 1346 3572 Eudo-

210 3603 292 3669 ciam
322 3605 493 3670 llloronius.
541 3607 634 3684 Quod
664 3607 691 3672 ei
720 3608 776 3674 ille
804 3607 950 3691 fecisset,
983 3609 1052 3676 lieri
1090 3631 1152 3676 uon
1190 3611 1346 3694 potuisset

210 3707 286 3790 quin
310 3708 476 3774 violacium
505 3719 778 3778 commemoraret.
825 3713 938 3795 Neque
961 3715 1082 3780 Romae
1112 3713 1195 3780 circa
1225 3735 1343 3780 annum

214 3815 296 3875 lucc
318 3812 485 3878 violarium
502 3812 743 3899 admirabatur,
773 3815 833 3882 scd
847 3817 980 3883 Parisiis
1002 3817 1035 3882 in
1057 3818 1254 3884 bibliotheca
1269 3819 1345 3885 Col-

209 3915 343 3993 bertina.
392 3917 593 4000 Relinquitur
614 3918 720 4002 igitur,
755 3925 790 3984 ut
812 3927 867 3985 aut
889 3921 1023 3986 lloronii
1045 3921 1155 3987 codice
1179 3921 1345 4007 deperdito

209 4027 265 4084 aut
287 4019 356 4085 cius
383 4021 570 4105 apographo
599 4021 707 4105 aliquo
731 4023 904 4088 Eudoeiam
934 4043 1025 4089 usam
1053 4043 1124 4090 osse
1152 4031 1342 4090 statuamus.

210 4123 324 4206 Neque
347 4143 417 4188 raro
440 4123 542 4190 falsae
564 4124 726 4192 liudociae
755 4127 908 4209 aequales
931 4127 1099 4212 Cyriacum
1130 4133 1186 4193 aut
1211 4128 1345 4194 laudaut

208 4233 265 4292 aut
286 4226 320 4290 in
344 4245 436 4291 usum
460 4247 551 4292 suum
568 4235 763 4310 convertunt,
791 4236 826 4296 ut
843 4230 876 4295 in
891 4231 1031 4316 epistula
1045 4231 1162 4316 Apiani
1177 4237 1209 4298 et
1223 4232 1345 4298 Aman-

208 4331 245 4397 tii
277 4330 539 4417 inscriptionibus
573 4339 797 4400 sacrosanctae
838 4335 1007 4402 vetustatis
1049 4339 1130 4400 1534
1167 4337 1344 4422 praemissa
