<?xml version="1.0" encoding="UTF-8"?>
<!DOCTYPE html PUBLIC "-//W3C//DTD XHTML 1.0 Transitional//EN"
    "http://www.w3.org/TR/xhtml1/DTD/xhtml1-transitional.dtd">
<html xmlns="http://www.w3.org/1999/xhtml" xml:lang="en" lang="en">
 <head>
  <title>
</title>
<meta http-equiv="Content-Type" content="text/html;charset=utf-8" />
  <meta name='ocr-system' content='tesseract 3.04.00' />
  <meta name='ocr-capabilities' content='ocr_page ocr_carea ocr_par ocr_line ocrx_word'/>
</head>
<body>
  <div class='ocr_page' id='page_1' title='image "./dissertationesp02stragoog_0245.png"; bbox 0 0 3238 4930; ppageno 0'>
   <div class='ocr_carea' id='block_1_1' title="bbox 223 392 876 504">
    <p class='ocr_par' dir='ltr' id='par_1_1' title="bbox 223 392 876 504">
     <span class='ocr_line' id='line_1_1' title="bbox 223 392 876 504; baseline -0.005 -16"><span class='ocrx_word' id='word_1_1' title='bbox 223 392 229 398; x_wconf 70' lang='grc'><strong>’</strong></span> <span class='ocrx_word' id='word_1_2' title='bbox 267 430 305 488; x_wconf 82' lang='lat' dir='ltr'><strong>rs</strong></span> <span class='ocrx_word' id='word_1_3' title='bbox 787 420 876 504; x_wconf 79' lang='lat' dir='ltr'><strong>[aso]</strong></span> 
     </span>
    </p>
   </div>
   <div class='ocr_carea' id='block_1_2' title="bbox 263 611 1399 695">
    <p class='ocr_par' dir='ltr' id='par_1_2' title="bbox 263 611 1399 695">
     <span class='ocr_line' id='line_1_2' title="bbox 263 611 1399 695; baseline 0 -16"><span class='ocrx_word' id='word_1_4' title='bbox 263 615 485 680; x_wconf 88' lang='lat' dir='ltr'><strong>Paraeucticc.</strong></span> <span class='ocrx_word' id='word_1_5' title='bbox 543 611 778 695; x_wconf 84' lang='lat' dir='ltr'><strong>Interpositire.</strong></span> <span class='ocrx_word' id='word_1_6' title='bbox 835 611 1098 695; x_wconf 88' lang='lat' dir='ltr'><strong>l&#39;rosphonetice.</strong></span> <span class='ocrx_word' id='word_1_7' title='bbox 1155 613 1399 680; x_wconf 82' lang='lat' dir='ltr'><strong>Exclamatcrie.</strong></span> 
     </span>
    </p>
   </div>
   <div class='ocr_carea' id='block_1_3' title="bbox 264 714 1452 801">
    <p class='ocr_par' dir='ltr' id='par_1_3' title="bbox 264 714 1452 801">
     <span class='ocr_line' id='line_1_3' title="bbox 264 714 1452 801; baseline -0.002 -18"><span class='ocrx_word' id='word_1_8' title='bbox 264 719 480 783; x_wconf 75' lang='lat' dir='ltr'><strong>l’roseuctice.</strong></span> <span class='ocrx_word' id='word_1_9' title='bbox 526 716 771 801; x_wconf 84' lang='lat' dir='ltr'><strong>Deprecatorie.</strong></span> <span class='ocrx_word' id='word_1_10' title='bbox 811 715 929 778; x_wconf 85' lang='lat' dir='ltr'><strong>Paean.</strong></span> <span class='ocrx_word' id='word_1_11' title='bbox 967 714 1180 780; x_wconf 87' lang='lat' dir='ltr'><strong>Proseuctioe.</strong></span> <span class='ocrx_word' id='word_1_12' title='bbox 1221 717 1401 782; x_wconf 85' lang='lat' dir='ltr'><strong>Laudatira</strong></span> <span class='ocrx_word' id='word_1_13' title='bbox 1446 739 1452 747; x_wconf 90' lang='grc'><strong>’</strong></span> 
     </span>
    </p>
   </div>
   <div class='ocr_carea' id='block_1_4' title="bbox 263 821 1403 2147">
    <p class='ocr_par' dir='ltr' id='par_1_4' title="bbox 267 821 565 904">
     <span class='ocr_line' id='line_1_4' title="bbox 267 821 565 904; baseline -0.013 -18"><span class='ocrx_word' id='word_1_14' title='bbox 267 835 299 886; x_wconf 89' lang='lat' dir='ltr'><strong>et</strong></span> <span class='ocrx_word' id='word_1_15' title='bbox 323 821 565 904; x_wconf 87' lang='lat' dir='ltr'><strong>Depreoutoria.</strong></span> 
     </span>
    </p>

    <p class='ocr_par' dir='ltr' id='par_1_5' title="bbox 263 921 1403 2147">
     <span class='ocr_line' id='line_1_5' title="bbox 369 921 1402 1006; baseline 0.001 -19"><span class='ocrx_word' id='word_1_16' title='bbox 369 924 417 987; x_wconf 75' lang='lat' dir='ltr'><strong>lix</strong></span> <span class='ocrx_word' id='word_1_17' title='bbox 452 925 511 986; x_wconf 88' lang='lat' dir='ltr'><strong>lroo</strong></span> <span class='ocrx_word' id='word_1_18' title='bbox 542 923 655 1002; x_wconf 82' lang='lat' dir='ltr'><strong>indico,</strong></span> <span class='ocrx_word' id='word_1_19' title='bbox 677 921 730 1006; x_wconf 94' lang='lat' dir='ltr'><strong>qui</strong></span> <span class='ocrx_word' id='word_1_20' title='bbox 762 927 794 985; x_wconf 92' lang='lat' dir='ltr'><strong>et</strong></span> <span class='ocrx_word' id='word_1_21' title='bbox 816 921 848 984; x_wconf 92' lang='lat' dir='ltr'><strong>in</strong></span> <span class='ocrx_word' id='word_1_22' title='bbox 874 925 907 984; x_wconf 65' lang='lat' dir='ltr'><strong>:l</strong></span> <span class='ocrx_word' id='word_1_23' title='bbox 930 929 961 985; x_wconf 90' lang='lat' dir='ltr'><strong>et</strong></span> <span class='ocrx_word' id='word_1_24' title='bbox 984 928 1001 985; x_wconf 86' lang='grc' dir='ltr'><strong><em>λ</em></strong></span> <span class='ocrx_word' id='word_1_25' title='bbox 1025 921 1186 987; x_wconf 81' lang='lat' dir='ltr'><strong>codicibus</strong></span> <span class='ocrx_word' id='word_1_26' title='bbox 1209 923 1343 988; x_wconf 81' lang='lat' dir='ltr'><strong>traditur</strong></span> <span class='ocrx_word' id='word_1_27' title='bbox 1367 931 1402 990; x_wconf 88' lang='lat' dir='ltr'><strong>et</strong></span> 
     </span>
     <span class='ocr_line' id='line_1_6' title="bbox 266 1025 1401 1114; baseline 0 -22"><span class='ocrx_word' id='word_1_28' title='bbox 266 1032 296 1092; x_wconf 92' lang='lat' dir='ltr'><strong>iu</strong></span> <span class='ocrx_word' id='word_1_29' title='bbox 321 1029 521 1110; x_wconf 79' lang='lat' dir='ltr'><strong>sangallensi</strong></span> <span class='ocrx_word' id='word_1_30' title='bbox 546 1053 564 1090; x_wconf 87' lang='lat' dir='ltr'><strong>c</strong></span> <span class='ocrx_word' id='word_1_31' title='bbox 589 1039 687 1108; x_wconf 68' lang='lat' dir='ltr'><strong>isaeo.</strong></span> <span class='ocrx_word' id='word_1_32' title='bbox 703 1025 749 1104; x_wconf 83' lang='lat' dir='ltr'><strong>X)</strong></span> <span class='ocrx_word' id='word_1_33' title='bbox 773 1033 848 1089; x_wconf 86' lang='lat' dir='ltr'><strong>ante</strong></span> <span class='ocrx_word' id='word_1_34' title='bbox 870 1027 995 1090; x_wconf 90' lang='lat' dir='ltr'><strong>initium</strong></span> <span class='ocrx_word' id='word_1_35' title='bbox 1019 1027 1192 1090; x_wconf 81' lang='lat' dir='ltr'><strong>carminum</strong></span> <span class='ocrx_word' id='word_1_36' title='bbox 1216 1037 1315 1108; x_wconf 77' lang='lat' dir='ltr'><strong>extat,</strong></span> <span class='ocrx_word' id='word_1_37' title='bbox 1338 1029 1401 1114; x_wconf 91' lang='lat' dir='ltr'><strong>pri·</strong></span> 
     </span>
     <span class='ocr_line' id='line_1_7' title="bbox 266 1128 1401 1216; baseline -0.002 -20"><span class='ocrx_word' id='word_1_38' title='bbox 266 1155 351 1197; x_wconf 91' lang='lat' dir='ltr'><strong>mum</strong></span> <span class='ocrx_word' id='word_1_39' title='bbox 383 1132 442 1194; x_wconf 87' lang='lat' dir='ltr'><strong>lroo</strong></span> <span class='ocrx_word' id='word_1_40' title='bbox 473 1137 606 1215; x_wconf 88' lang='lat' dir='ltr'><strong>apparet</strong></span> <span class='ocrx_word' id='word_1_41' title='bbox 636 1137 798 1192; x_wconf 73' lang='lat' dir='ltr'><strong>auctorem</strong></span> <span class='ocrx_word' id='word_1_42' title='bbox 830 1128 953 1193; x_wconf 89' lang='lat' dir='ltr'><strong>Graeca</strong></span> <span class='ocrx_word' id='word_1_43' title='bbox 982 1131 1206 1194; x_wconf 83' lang='lat' dir='ltr'><strong>terminatione</strong></span> <span class='ocrx_word' id='word_1_44' title='bbox 1233 1131 1401 1216; x_wconf 89' lang='lat' dir='ltr'><strong>deceptum</strong></span> 
     </span>
     <span class='ocr_line' id='line_1_8' title="bbox 265 1232 1401 1320; baseline 0.004 -24"><span class='ocrx_word' id='word_1_45' title='bbox 265 1236 421 1299; x_wconf 81' lang='lat' dir='ltr'><strong>vocabula</strong></span> <span class='ocrx_word' id='word_1_46' title='bbox 451 1234 490 1297; x_wconf 90' lang='lat' dir='ltr'><strong>dc</strong></span> <span class='ocrx_word' id='word_1_47' title='bbox 522 1235 636 1318; x_wconf 89' lang='lat' dir='ltr'><strong>quibus</strong></span> <span class='ocrx_word' id='word_1_48' title='bbox 665 1235 772 1316; x_wconf 81' lang='lat' dir='ltr'><strong>agitur</strong></span> <span class='ocrx_word' id='word_1_49' title='bbox 801 1253 857 1316; x_wconf 91' lang='lat' dir='ltr'><strong>pro</strong></span> <span class='ocrx_word' id='word_1_50' title='bbox 889 1232 1046 1298; x_wconf 79' lang='lat' dir='ltr'><strong>adverbiis</strong></span> <span class='ocrx_word' id='word_1_51' title='bbox 1081 1234 1231 1298; x_wconf 89' lang='lat' dir='ltr'><strong>habuisse</strong></span> <span class='ocrx_word' id='word_1_52' title='bbox 1264 1237 1401 1320; x_wconf 88' lang='lat' dir='ltr'><strong>ideoque</strong></span> 
     </span>
     <span class='ocr_line' id='line_1_9' title="bbox 265 1336 1401 1423; baseline -0.002 -19"><span class='ocrx_word' id='word_1_53' title='bbox 265 1340 415 1405; x_wconf 83' lang='lat' dir='ltr'><strong>adverbia</strong></span> <span class='ocrx_word' id='word_1_54' title='bbox 446 1339 560 1402; x_wconf 86' lang='lat' dir='ltr'><strong>Latina</strong></span> <span class='ocrx_word' id='word_1_55' title='bbox 592 1337 792 1422; x_wconf 85' lang='lat' dir='ltr'><strong>adposuisse.</strong></span> <span class='ocrx_word' id='word_1_56' title='bbox 851 1337 950 1421; x_wconf 86' lang='lat' dir='ltr'><strong>Atqui</strong></span> <span class='ocrx_word' id='word_1_57' title='bbox 986 1336 1117 1400; x_wconf 88' lang='lat' dir='ltr'><strong>dubiunr</strong></span> <span class='ocrx_word' id='word_1_58' title='bbox 1148 1360 1210 1403; x_wconf 92' lang='lat' dir='ltr'><strong>non</strong></span> <span class='ocrx_word' id='word_1_59' title='bbox 1246 1347 1294 1403; x_wconf 90' lang='lat' dir='ltr'><strong>est</strong></span> <span class='ocrx_word' id='word_1_60' title='bbox 1326 1340 1401 1423; x_wconf 91' lang='lat' dir='ltr'><strong>quin</strong></span> 
     </span>
     <span class='ocr_line' id='line_1_10' title="bbox 266 1441 1402 1525; baseline -0.001 -18"><span class='ocrx_word' id='word_1_61' title='bbox 266 1443 495 1507; x_wconf 87' lang='lat' dir='ltr'><strong>adiectirorum</strong></span> <span class='ocrx_word' id='word_1_62' title='bbox 517 1443 586 1505; x_wconf 92' lang='lat' dir='ltr'><strong>loco</strong></span> <span class='ocrx_word' id='word_1_63' title='bbox 603 1441 790 1524; x_wconf 82' lang='lat' dir='ltr'><strong>fungantur,</strong></span> <span class='ocrx_word' id='word_1_64' title='bbox 814 1441 857 1502; x_wconf 88' lang='lat' dir='ltr'><strong>ita</strong></span> <span class='ocrx_word' id='word_1_65' title='bbox 872 1449 908 1503; x_wconf 91' lang='lat' dir='ltr'><strong>ut</strong></span> <span class='ocrx_word' id='word_1_66' title='bbox 925 1441 1137 1525; x_wconf 89' lang='lat' dir='ltr'><strong>supplendum</strong></span> <span class='ocrx_word' id='word_1_67' title='bbox 1153 1443 1194 1506; x_wconf 90' lang='lat' dir='ltr'><strong>sit</strong></span> <span class='ocrx_word' id='word_1_68' title='bbox 1210 1443 1402 1507; x_wconf 84' lang='lat' dir='ltr'><strong>vccabulum</strong></span> 
     </span>
     <span class='ocr_line' id='line_1_11' title="bbox 269 1543 1401 1630; baseline 0.001 -21"><span class='ocrx_word' id='word_1_69' title='bbox 269 1547 386 1625; x_wconf 81' lang='lat' dir='ltr'><strong>„ode“:</strong></span> <span class='ocrx_word' id='word_1_70' title='bbox 410 1545 441 1608; x_wconf 94' lang='lat' dir='ltr'><strong>id</strong></span> <span class='ocrx_word' id='word_1_71' title='bbox 465 1545 549 1630; x_wconf 92' lang='lat' dir='ltr'><strong>quod</strong></span> <span class='ocrx_word' id='word_1_72' title='bbox 575 1546 678 1610; x_wconf 88' lang='lat' dir='ltr'><strong>clucet</strong></span> <span class='ocrx_word' id='word_1_73' title='bbox 702 1553 796 1606; x_wconf 83' lang='lat' dir='ltr'><strong>etex</strong></span> <span class='ocrx_word' id='word_1_74' title='bbox 822 1543 987 1608; x_wconf 87' lang='lat' dir='ltr'><strong>Diomedis</strong></span> <span class='ocrx_word' id='word_1_75' title='bbox 1009 1545 1204 1628; x_wconf 81' lang='lat' dir='ltr'><strong>grammatici</strong></span> <span class='ocrx_word' id='word_1_76' title='bbox 1220 1546 1401 1610; x_wconf 83' lang='lat' dir='ltr'><strong>testimonio</strong></span> 
     </span>
     <span class='ocr_line' id='line_1_12' title="bbox 266 1647 1403 1734; baseline 0.008 -29"><span class='ocrx_word' id='word_1_77' title='bbox 266 1649 312 1734; x_wconf 80' lang='lat' dir='ltr'><strong>(p,</strong></span> <span class='ocrx_word' id='word_1_78' title='bbox 337 1653 399 1712; x_wconf 65' lang='lat'><strong>:³22</strong></span> <span class='ocrx_word' id='word_1_79' title='bbox 423 1648 527 1729; x_wconf 80' lang='lat' dir='ltr'><strong>Kein:</strong></span> <span class='ocrx_word' id='word_1_80' title='bbox 553 1647 802 1728; x_wconf 81' lang='lat' dir='ltr'><strong>„nonadecima</strong></span> <span class='ocrx_word' id='word_1_81' title='bbox 826 1647 887 1712; x_wconf 87' lang='lat' dir='ltr'><strong>ode</strong></span> <span class='ocrx_word' id='word_1_82' title='bbox 908 1647 1121 1712; x_wconf 86' lang='lat' dir='ltr'><strong>Horatianum</strong></span> <span class='ocrx_word' id='word_1_83' title='bbox 1145 1657 1280 1714; x_wconf 88' lang='lat' dir='ltr'><strong>metrum</strong></span> <span class='ocrx_word' id='word_1_84' title='bbox 1303 1651 1403 1714; x_wconf 85' lang='lat' dir='ltr'><strong>habet</strong></span> 
     </span>
     <span class='ocr_line' id='line_1_13' title="bbox 266 1750 1402 1838; baseline -0.002 -20"><span class='ocrx_word' id='word_1_85' title='bbox 266 1763 298 1818; x_wconf 91' lang='lat' dir='ltr'><strong>et</strong></span> <span class='ocrx_word' id='word_1_86' title='bbox 321 1761 445 1816; x_wconf 67' lang='lat' dir='ltr'><strong>constat</strong></span> <span class='ocrx_word' id='word_1_87' title='bbox 468 1773 507 1814; x_wconf 83' lang='lat' dir='ltr'><strong>ex</strong></span> <span class='ocrx_word' id='word_1_88' title='bbox 531 1752 688 1835; x_wconf 81' lang='lat' dir='ltr'><strong>lilyconio</strong></span> <span class='ocrx_word' id='word_1_89' title='bbox 715 1757 745 1813; x_wconf 86' lang='lat' dir='ltr'><strong>et</strong></span> <span class='ocrx_word' id='word_1_90' title='bbox 768 1750 992 1834; x_wconf 71' lang='lat' dir='ltr'><strong>Asclepiudeo²</strong></span> <span class='ocrx_word' id='word_1_91' title='bbox 1023 1753 1105 1835; x_wconf 93' lang='lat' dir='ltr'><strong>quod</strong></span> <span class='ocrx_word' id='word_1_92' title='bbox 1131 1754 1402 1838; x_wconf 88' lang='lat' dir='ltr'><strong>suprascriptum</strong></span> 
     </span>
     <span class='ocr_line' id='line_1_14' title="bbox 266 1853 1403 1942; baseline -0.002 -22"><span class='ocrx_word' id='word_1_93' title='bbox 266 1865 315 1920; x_wconf 87' lang='lat' dir='ltr'><strong>cst</strong></span> <span class='ocrx_word' id='word_1_94' title='bbox 337 1856 368 1918; x_wconf 92' lang='lat' dir='ltr'><strong>in</strong></span> <span class='ocrx_word' id='word_1_95' title='bbox 392 1857 503 1937; x_wconf 83' lang='lat' dir='ltr'><strong>ecloga</strong></span> <span class='ocrx_word' id='word_1_96' title='bbox 527 1854 725 1938; x_wconf 83' lang='lat' dir='ltr'><strong>proseuctice</strong></span> <span class='ocrx_word' id='word_1_97' title='bbox 752 1853 882 1938; x_wconf 84' lang='lat' dir='ltr'><strong>Vergilii</strong></span> <span class='ocrx_word' id='word_1_98' title='bbox 894 1855 949 1935; x_wconf 74' lang='lat'><strong>¹)“‚</strong></span> <span class='ocrx_word' id='word_1_99' title='bbox 974 1863 1005 1918; x_wconf 91' lang='lat' dir='ltr'><strong>et</strong></span> <span class='ocrx_word' id='word_1_100' title='bbox 1030 1877 1070 1918; x_wconf 81' lang='lat' dir='ltr'><strong>ex</strong></span> <span class='ocrx_word' id='word_1_101' title='bbox 1094 1857 1170 1942; x_wconf 88' lang='lat' dir='ltr'><strong>ipsis</strong></span> <span class='ocrx_word' id='word_1_102' title='bbox 1193 1855 1403 1940; x_wconf 89' lang='lat' dir='ltr'><strong>inscriptioni-</strong></span> 
     </span>
     <span class='ocr_line' id='line_1_15' title="bbox 266 1955 1403 2043; baseline 0 -21"><span class='ocrx_word' id='word_1_103' title='bbox 266 1959 324 2023; x_wconf 92' lang='lat' dir='ltr'><strong>bus</strong></span> <span class='ocrx_word' id='word_1_104' title='bbox 349 1960 522 2022; x_wconf 78' lang='lat' dir='ltr'><strong>connisum</strong></span> <span class='ocrx_word' id='word_1_105' title='bbox 546 1957 562 2020; x_wconf 91' lang='grc' dir='ltr'><strong>Ι</strong></span> <span class='ocrx_word' id='word_1_106' title='bbox 585 1959 604 2019; x_wconf 90' lang='lat'><strong>3</strong></span> <span class='ocrx_word' id='word_1_107' title='bbox 628 1955 907 2042; x_wconf 78' lang='lat' dir='ltr'><strong>(prosphonetico.</strong></span> <span class='ocrx_word' id='word_1_108' title='bbox 923 2009 929 2023; x_wconf 93' lang='lat'><strong>.</strong></span> <span class='ocrx_word' id='word_1_109' title='bbox 944 2007 951 2022; x_wconf 92' lang='lat'><strong>.</strong></span> <span class='ocrx_word' id='word_1_110' title='bbox 966 1958 1185 2043; x_wconf 65' lang='lat' dir='ltr'><strong>vergibili),</strong></span> <span class='ocrx_word' id='word_1_111' title='bbox 1200 1958 1283 2022; x_wconf 79' lang='lat'>1119</span> <span class='ocrx_word' id='word_1_112' title='bbox 1297 1957 1403 2042; x_wconf 86' lang='lat' dir='ltr'><strong>(anta-</strong></span> 
     </span>
     <span class='ocr_line' id='line_1_16' title="bbox 263 2060 1403 2147; baseline -0.003 -20"><span class='ocrx_word' id='word_1_113' title='bbox 263 2063 414 2147; x_wconf 88' lang='lat' dir='ltr'><strong>podoticc</strong></span> <span class='ocrx_word' id='word_1_114' title='bbox 444 2061 484 2124; x_wconf 87' lang='lat' dir='ltr'><strong>od</strong></span> <span class='ocrx_word' id='word_1_115' title='bbox 516 2060 650 2143; x_wconf 83' lang='lat' dir='ltr'><strong>Lydiam</strong></span> <span class='ocrx_word' id='word_1_116' title='bbox 676 2067 709 2125; x_wconf 91' lang='lat' dir='ltr'><strong>et</strong></span> <span class='ocrx_word' id='word_1_117' title='bbox 733 2061 855 2144; x_wconf 88' lang='lat' dir='ltr'><strong>Lydiae</strong></span> <span class='ocrx_word' id='word_1_118' title='bbox 879 2061 920 2124; x_wconf 87' lang='lat' dir='ltr'><strong>ad</strong></span> <span class='ocrx_word' id='word_1_119' title='bbox 944 2083 978 2125; x_wconf 89' lang='lat' dir='ltr'><strong>se</strong></span> <span class='ocrx_word' id='word_1_120' title='bbox 1002 2067 1049 2142; x_wconf 77' lang='lat' dir='ltr'><strong>a),</strong></span> <span class='ocrx_word' id='word_1_121' title='bbox 1083 2061 1152 2125; x_wconf 92' lang='lat' dir='ltr'><strong>llll</strong></span> <span class='ocrx_word' id='word_1_122' title='bbox 1176 2065 1195 2125; x_wconf 86' lang='lat'><strong>2</strong></span> <span class='ocrx_word' id='word_1_123' title='bbox 1219 2063 1403 2146; x_wconf 87' lang='lat' dir='ltr'><strong>(poetarum</strong></span> 
     </span>
    </p>
   </div>
   <div class='ocr_carea' id='block_1_5' title="bbox 155 2165 1405 2249">
    <p class='ocr_par' dir='ltr' id='par_1_6' title="bbox 155 2165 1405 2249">
     <span class='ocr_line' id='line_1_17' title="bbox 155 2165 1405 2249; baseline -0.002 -19"><span class='ocrx_word' id='word_1_124' title='bbox 155 2179 159 2192; x_wconf 83' lang='lat'><strong><em>¹</em></strong></span> <span class='ocrx_word' id='word_1_125' title='bbox 268 2167 491 2230; x_wconf 88' lang='lat' dir='ltr'><strong>encomiastice</strong></span> <span class='ocrx_word' id='word_1_126' title='bbox 509 2167 594 2244; x_wconf 68' lang='lat' dir='ltr'><strong>,rm</strong></span> <span class='ocrx_word' id='word_1_127' title='bbox 608 2165 677 2228; x_wconf 92' lang='lat' dir='ltr'><strong>llll</strong></span> <span class='ocrx_word' id='word_1_128' title='bbox 695 2169 732 2227; x_wconf 89' lang='grc'><strong>14</strong></span> <span class='ocrx_word' id='word_1_129' title='bbox 750 2165 802 2245; x_wconf 90' lang='lat' dir='ltr'><strong>(ad</strong></span> <span class='ocrx_word' id='word_1_130' title='bbox 820 2165 946 2248; x_wconf 86' lang='lat' dir='ltr'><strong>plebem</strong></span> <span class='ocrx_word' id='word_1_131' title='bbox 964 2165 1197 2244; x_wconf 83' lang='lat' dir='ltr'><strong>encomiastice,</strong></span> <span class='ocrx_word' id='word_1_132' title='bbox 1209 2167 1240 2228; x_wconf 91' lang='lat' dir='ltr'><strong>in</strong></span> <span class='ocrx_word' id='word_1_133' title='bbox 1256 2187 1318 2249; x_wconf 91' lang='lat' dir='ltr'><strong>qua</strong></span> <span class='ocrx_word' id='word_1_134' title='bbox 1328 2212 1405 2230; x_wconf 90' lang='grc'><strong>.....</strong></span> 
     </span>
    </p>
   </div>
   <div class='ocr_carea' id='block_1_6' title="bbox 238 2267 1406 3904">
    <p class='ocr_par' dir='ltr' id='par_1_7' title="bbox 265 2267 1405 2868">
     <span class='ocr_line' id='line_1_18' title="bbox 266 2267 1404 2354; baseline -0.001 -22"><span class='ocrx_word' id='word_1_135' title='bbox 266 2272 309 2333; x_wconf 91' lang='lat' dir='ltr'><strong>ait</strong></span> <span class='ocrx_word' id='word_1_136' title='bbox 340 2267 384 2352; x_wconf 81' lang='lat' dir='ltr'><strong>y).</strong></span> <span class='ocrx_word' id='word_1_137' title='bbox 436 2269 542 2353; x_wconf 79' lang='lat' dir='ltr'><strong>Atque</strong></span> <span class='ocrx_word' id='word_1_138' title='bbox 572 2289 636 2331; x_wconf 92' lang='lat' dir='ltr'><strong>uno</strong></span> <span class='ocrx_word' id='word_1_139' title='bbox 660 2268 774 2331; x_wconf 84' lang='lat' dir='ltr'><strong>saltem</strong></span> <span class='ocrx_word' id='word_1_140' title='bbox 797 2269 867 2332; x_wconf 91' lang='lat' dir='ltr'><strong>loco</strong></span> <span class='ocrx_word' id='word_1_141' title='bbox 891 2270 923 2332; x_wconf 91' lang='lat' dir='ltr'><strong>in</strong></span> <span class='ocrx_word' id='word_1_142' title='bbox 946 2271 1009 2334; x_wconf 90' lang='lat' dir='ltr'><strong>fino</strong></span> <span class='ocrx_word' id='word_1_143' title='bbox 1031 2270 1168 2352; x_wconf 88' lang='lat' dir='ltr'><strong>catalogi</strong></span> <span class='ocrx_word' id='word_1_144' title='bbox 1198 2271 1267 2354; x_wconf 86' lang='lat' dir='ltr'><strong>ipse</strong></span> <span class='ocrx_word' id='word_1_145' title='bbox 1290 2275 1404 2332; x_wconf 85' lang='lat' dir='ltr'><strong>auctor</strong></span> 
     </span>
     <span class='ocr_line' id='line_1_19' title="bbox 265 2371 1405 2457; baseline -0.001 -23"><span class='ocrx_word' id='word_1_146' title='bbox 265 2393 371 2435; x_wconf 86' lang='lat' dir='ltr'><strong>veram</strong></span> <span class='ocrx_word' id='word_1_147' title='bbox 404 2373 537 2436; x_wconf 88' lang='lat' dir='ltr'><strong>formam</strong></span> <span class='ocrx_word' id='word_1_148' title='bbox 573 2374 723 2454; x_wconf 82' lang='lat' dir='ltr'><strong>agnovit,</strong></span> <span class='ocrx_word' id='word_1_149' title='bbox 758 2393 829 2436; x_wconf 91' lang='lat' dir='ltr'><strong>cum</strong></span> <span class='ocrx_word' id='word_1_150' title='bbox 864 2381 1000 2457; x_wconf 87' lang='lat' dir='ltr'><strong>poneret</strong></span> <span class='ocrx_word' id='word_1_151' title='bbox 1035 2393 1157 2457; x_wconf 82' lang='lat' dir='ltr'><strong>„paean</strong></span> <span class='ocrx_word' id='word_1_152' title='bbox 1188 2371 1405 2456; x_wconf 88' lang='lat' dir='ltr'><strong>proseuctice:</strong></span> 
     </span>
     <span class='ocr_line' id='line_1_20' title="bbox 266 2474 1404 2560; baseline 0 -22"><span class='ocrx_word' id='word_1_153' title='bbox 266 2475 428 2539; x_wconf 76' lang='lat' dir='ltr'><strong>laudativa</strong></span> <span class='ocrx_word' id='word_1_154' title='bbox 454 2483 485 2538; x_wconf 73' lang='lat' dir='ltr'><strong>et</strong></span> <span class='ocrx_word' id='word_1_155' title='bbox 509 2475 765 2559; x_wconf 85' lang='lat' dir='ltr'><strong>deprecatoriu“:</strong></span> <span class='ocrx_word' id='word_1_156' title='bbox 789 2497 871 2560; x_wconf 91' lang='lat' dir='ltr'><strong>quae</strong></span> <span class='ocrx_word' id='word_1_157' title='bbox 895 2477 1054 2560; x_wconf 89' lang='lat' dir='ltr'><strong>pertinent</strong></span> <span class='ocrx_word' id='word_1_158' title='bbox 1071 2475 1110 2538; x_wconf 88' lang='lat' dir='ltr'><strong>ad</strong></span> <span class='ocrx_word' id='word_1_159' title='bbox 1129 2474 1200 2538; x_wconf 92' lang='lat' dir='ltr'><strong>llll</strong></span> <span class='ocrx_word' id='word_1_160' title='bbox 1216 2480 1235 2539; x_wconf 87' lang='lat'>5</span> <span class='ocrx_word' id='word_1_161' title='bbox 1253 2476 1404 2559; x_wconf 83' lang='lat' dir='ltr'><strong>„paeanis</strong></span> 
     </span>
     <span class='ocr_line' id='line_1_21' title="bbox 265 2579 1405 2666; baseline 0 -24"><span class='ocrx_word' id='word_1_162' title='bbox 265 2579 385 2664; x_wconf 89' lang='lat' dir='ltr'><strong>species</strong></span> <span class='ocrx_word' id='word_1_163' title='bbox 408 2581 638 2663; x_wconf 78' lang='lat' dir='ltr'><strong>pr·osouctica“.</strong></span> <span class='ocrx_word' id='word_1_164' title='bbox 685 2581 756 2654; x_wconf 78' lang='lat' dir='ltr'><strong>Quo</strong></span> <span class='ocrx_word' id='word_1_165' title='bbox 782 2582 902 2643; x_wconf 88' lang='lat' dir='ltr'><strong>certius</strong></span> <span class='ocrx_word' id='word_1_166' title='bbox 919 2589 966 2643; x_wconf 91' lang='lat' dir='ltr'><strong>est</strong></span> <span class='ocrx_word' id='word_1_167' title='bbox 983 2601 1055 2644; x_wconf 88' lang='lat' dir='ltr'><strong>eum</strong></span> <span class='ocrx_word' id='word_1_168' title='bbox 1073 2580 1127 2664; x_wconf 88' lang='lat' dir='ltr'><strong>qui</strong></span> <span class='ocrx_word' id='word_1_169' title='bbox 1141 2579 1294 2666; x_wconf 86' lang='lat' dir='ltr'><strong>pleraque</strong></span> <span class='ocrx_word' id='word_1_170' title='bbox 1309 2599 1405 2642; x_wconf 87' lang='lat' dir='ltr'><strong>voca·</strong></span> 
     </span>
     <span class='ocr_line' id='line_1_22' title="bbox 267 2681 1404 2767; baseline 0.002 -23"><span class='ocrx_word' id='word_1_171' title='bbox 267 2681 342 2744; x_wconf 83' lang='lat' dir='ltr'><strong>bula</strong></span> <span class='ocrx_word' id='word_1_172' title='bbox 365 2682 395 2744; x_wconf 92' lang='lat' dir='ltr'><strong>in</strong></span> <span class='ocrx_word' id='word_1_173' title='bbox 412 2683 553 2765; x_wconf 80' lang='lat' dir='ltr'><strong>linguam</strong></span> <span class='ocrx_word' id='word_1_174' title='bbox 570 2683 717 2746; x_wconf 86' lang='lat' dir='ltr'><strong>Latinam</strong></span> <span class='ocrx_word' id='word_1_175' title='bbox 734 2685 906 2764; x_wconf 77' lang='lat' dir='ltr'><strong>transtulit,</strong></span> <span class='ocrx_word' id='word_1_176' title='bbox 923 2682 1051 2746; x_wconf 89' lang='lat' dir='ltr'><strong>aliunde</strong></span> <span class='ocrx_word' id='word_1_177' title='bbox 1068 2703 1106 2745; x_wconf 90' lang='lat' dir='ltr'><strong>ea</strong></span> <span class='ocrx_word' id='word_1_178' title='bbox 1121 2683 1282 2767; x_wconf 87' lang='lat' dir='ltr'><strong>accepisse</strong></span> <span class='ocrx_word' id='word_1_179' title='bbox 1298 2702 1404 2766; x_wconf 89' lang='lat' dir='ltr'><strong>nequo</strong></span> 
     </span>
     <span class='ocr_line' id='line_1_23' title="bbox 269 2786 1067 2868; baseline 0.003 -21"><span class='ocrx_word' id='word_1_180' title='bbox 269 2787 345 2848; x_wconf 88' lang='lat' dir='ltr'><strong>satis</strong></span> <span class='ocrx_word' id='word_1_181' title='bbox 367 2786 527 2868; x_wconf 78' lang='lat' dir='ltr'><strong>propriam</strong></span> <span class='ocrx_word' id='word_1_182' title='bbox 552 2809 661 2850; x_wconf 85' lang='lat' dir='ltr'><strong>eorum</strong></span> <span class='ocrx_word' id='word_1_183' title='bbox 686 2788 748 2850; x_wconf 88' lang='lat' dir='ltr'><strong>vim</strong></span> <span class='ocrx_word' id='word_1_184' title='bbox 774 2788 960 2852; x_wconf 87' lang='lat' dir='ltr'><strong>adsecutum</strong></span> <span class='ocrx_word' id='word_1_185' title='bbox 985 2808 1067 2850; x_wconf 88' lang='lat' dir='ltr'><strong>esse.</strong></span> 
     </span>
    </p>

    <p class='ocr_par' dir='ltr' id='par_1_8' title="bbox 238 2889 1406 3904">
     <span class='ocr_line' id='line_1_24' title="bbox 370 2889 1405 2976; baseline -0.001 -24"><span class='ocrx_word' id='word_1_186' title='bbox 370 2889 458 2952; x_wconf 88' lang='lat' dir='ltr'><strong>Idem</strong></span> <span class='ocrx_word' id='word_1_187' title='bbox 490 2890 583 2952; x_wconf 89' lang='lat' dir='ltr'><strong>etiam</strong></span> <span class='ocrx_word' id='word_1_188' title='bbox 614 2893 715 2972; x_wconf 87' lang='lat' dir='ltr'><strong>magis</strong></span> <span class='ocrx_word' id='word_1_189' title='bbox 744 2891 950 2955; x_wconf 82' lang='lat' dir='ltr'><strong>confirmatur</strong></span> <span class='ocrx_word' id='word_1_190' title='bbox 985 2891 1141 2976; x_wconf 83' lang='lat' dir='ltr'><strong>perversis</strong></span> <span class='ocrx_word' id='word_1_191' title='bbox 1170 2911 1248 2976; x_wconf 89' lang='lat' dir='ltr'><strong>quas</strong></span> <span class='ocrx_word' id='word_1_192' title='bbox 1282 2889 1405 2952; x_wconf 86' lang='lat' dir='ltr'><strong>addidit</strong></span> 
     </span>
     <span class='ocr_line' id='line_1_25' title="bbox 268 2993 1404 3078; baseline -0.002 -22"><span class='ocrx_word' id='word_1_193' title='bbox 268 2993 535 3078; x_wconf 82' lang='lat' dir='ltr'><strong>explicationibus</strong></span> <span class='ocrx_word' id='word_1_194' title='bbox 553 2995 685 3060; x_wconf 87' lang='lat' dir='ltr'><strong>Latinis.</strong></span> <span class='ocrx_word' id='word_1_195' title='bbox 721 2996 784 3058; x_wconf 92' lang='lat' dir='ltr'><strong>Ubi</strong></span> <span class='ocrx_word' id='word_1_196' title='bbox 800 2995 869 3060; x_wconf 92' lang='lat' dir='ltr'><strong>sola</strong></span> <span class='ocrx_word' id='word_1_197' title='bbox 886 3016 947 3058; x_wconf 81' lang='lat' dir='ltr'><strong>vox</strong></span> <span class='ocrx_word' id='word_1_198' title='bbox 968 2997 1125 3076; x_wconf 81' lang='lat' dir='ltr'><strong>„erotice“</strong></span> <span class='ocrx_word' id='word_1_199' title='bbox 1146 3003 1232 3059; x_wconf 88' lang='lat' dir='ltr'><strong>recto</strong></span> <span class='ocrx_word' id='word_1_200' title='bbox 1248 2993 1404 3058; x_wconf 85' lang='lat' dir='ltr'><strong>translata</strong></span> 
     </span>
     <span class='ocr_line' id='line_1_26' title="bbox 267 3095 1406 3182; baseline -0.003 -23"><span class='ocrx_word' id='word_1_201' title='bbox 267 3103 324 3171; x_wconf 72' lang='lat' dir='ltr'><strong>est,</strong></span> <span class='ocrx_word' id='word_1_202' title='bbox 347 3097 419 3158; x_wconf 83' lang='lat' dir='ltr'><strong>ferri</strong></span> <span class='ocrx_word' id='word_1_203' title='bbox 446 3107 553 3180; x_wconf 87' lang='lat' dir='ltr'><strong>potest</strong></span> <span class='ocrx_word' id='word_1_204' title='bbox 576 3099 670 3160; x_wconf 88' lang='lat' dir='ltr'><strong>etiam</strong></span> <span class='ocrx_word' id='word_1_205' title='bbox 694 3098 825 3182; x_wconf 81' lang='lat' dir='ltr'><strong>paeanis</strong></span> <span class='ocrx_word' id='word_1_206' title='bbox 842 3097 1071 3182; x_wconf 82' lang='lat' dir='ltr'><strong>interpretatio</strong></span> <span class='ocrx_word' id='word_1_207' title='bbox 1113 3096 1231 3161; x_wconf 84' lang='lat' dir='ltr'><strong>Contra</strong></span> <span class='ocrx_word' id='word_1_208' title='bbox 1248 3095 1406 3159; x_wconf 80' lang='lat' dir='ltr'><strong>vocabula</strong></span> 
     </span>
     <span class='ocr_line' id='line_1_27' title="bbox 269 3200 1403 3286; baseline -0.001 -25"><span class='ocrx_word' id='word_1_209' title='bbox 269 3201 504 3284; x_wconf 79' lang='lat' dir='ltr'><strong>„proseuctico“</strong></span> <span class='ocrx_word' id='word_1_210' title='bbox 548 3202 780 3286; x_wconf 83' lang='lat' dir='ltr'><strong>„pragmatiee“</strong></span> <span class='ocrx_word' id='word_1_211' title='bbox 825 3200 1108 3285; x_wconf 80' lang='lat' dir='ltr'><strong>„prosphonetice“</strong></span> <span class='ocrx_word' id='word_1_212' title='bbox 1144 3208 1256 3264; x_wconf 89' lang='lat' dir='ltr'><strong>auctor</strong></span> <span class='ocrx_word' id='word_1_213' title='bbox 1290 3219 1403 3282; x_wconf 91' lang='lat' dir='ltr'><strong>parum</strong></span> 
     </span>
     <span class='ocr_line' id='line_1_28' title="bbox 267 3301 1403 3389; baseline -0.002 -23"><span class='ocrx_word' id='word_1_214' title='bbox 267 3304 428 3367; x_wconf 87' lang='lat' dir='ltr'><strong>intellecta</strong></span> <span class='ocrx_word' id='word_1_215' title='bbox 452 3304 490 3367; x_wconf 87' lang='lat' dir='ltr'><strong>ad</strong></span> <span class='ocrx_word' id='word_1_216' title='bbox 519 3304 605 3368; x_wconf 79' lang='lat' dir='ltr'><strong>vorbi</strong></span> <span class='ocrx_word' id='word_1_217' title='bbox 630 3325 712 3388; x_wconf 92' lang='lat' dir='ltr'><strong>quac</strong></span> <span class='ocrx_word' id='word_1_218' title='bbox 735 3305 794 3389; x_wconf 87' lang='lat' dir='ltr'><strong>ipsi</strong></span> <span class='ocrx_word' id='word_1_219' title='bbox 818 3303 986 3367; x_wconf 87' lang='lat' dir='ltr'><strong>ridebatur</strong></span> <span class='ocrx_word' id='word_1_220' title='bbox 1021 3303 1184 3365; x_wconf 87' lang='lat' dir='ltr'><strong>notionem</strong></span> <span class='ocrx_word' id='word_1_221' title='bbox 1208 3301 1403 3386; x_wconf 82' lang='lat' dir='ltr'><strong>expressisse</strong></span> 
     </span>
     <span class='ocr_line' id='line_1_29' title="bbox 238 3404 1404 3490; baseline -0.003 -20"><span class='ocrx_word' id='word_1_222' title='bbox 238 3407 343 3470; x_wconf 65' lang='lat' dir='ltr'><strong>⁴satis</strong></span> <span class='ocrx_word' id='word_1_223' title='bbox 367 3407 486 3470; x_wconf 90' lang='lat' dir='ltr'><strong>imbuit.</strong></span> <span class='ocrx_word' id='word_1_224' title='bbox 536 3407 782 3486; x_wconf 80' lang='lat' dir='ltr'><strong>„l&#39;araenetioe“</strong></span> <span class='ocrx_word' id='word_1_225' title='bbox 805 3407 911 3470; x_wconf 89' lang='lat' dir='ltr'><strong>nescio</strong></span> <span class='ocrx_word' id='word_1_226' title='bbox 937 3427 999 3490; x_wconf 92' lang='lat' dir='ltr'><strong>quo</strong></span> <span class='ocrx_word' id='word_1_227' title='bbox 1024 3405 1118 3470; x_wconf 93' lang='lat' dir='ltr'><strong>modo</strong></span> <span class='ocrx_word' id='word_1_228' title='bbox 1144 3404 1271 3470; x_wconf 85' lang='lat' dir='ltr'><strong>ridetur</strong></span> <span class='ocrx_word' id='word_1_229' title='bbox 1294 3404 1404 3468; x_wconf 88' lang='lat' dir='ltr'><strong>confu-</strong></span> 
     </span>
     <span class='ocr_line' id='line_1_30' title="bbox 266 3507 1404 3594; baseline 0 -22"><span class='ocrx_word' id='word_1_230' title='bbox 266 3509 350 3573; x_wconf 88' lang='lat' dir='ltr'><strong>disse</strong></span> <span class='ocrx_word' id='word_1_231' title='bbox 389 3531 458 3572; x_wconf 88' lang='lat' dir='ltr'><strong>oum</strong></span> <span class='ocrx_word' id='word_1_232' title='bbox 491 3531 570 3573; x_wconf 86' lang='lat' dir='ltr'><strong>roco</strong></span> <span class='ocrx_word' id='word_1_233' title='bbox 601 3533 683 3594; x_wconf 85' lang='lat' dir='ltr'><strong>quac</strong></span> <span class='ocrx_word' id='word_1_234' title='bbox 717 3517 763 3574; x_wconf 87' lang='lat' dir='ltr'><strong>est</strong></span> <span class='ocrx_word' id='word_1_235' title='bbox 797 3507 1053 3594; x_wconf 79' lang='lat' dir='ltr'><strong>„parenthetice“</strong></span> <span class='ocrx_word' id='word_1_236' title='bbox 1087 3517 1119 3572; x_wconf 90' lang='lat' dir='ltr'><strong>et</strong></span> <span class='ocrx_word' id='word_1_237' title='bbox 1148 3508 1222 3574; x_wconf 90' lang='lat' dir='ltr'><strong>inde</strong></span> <span class='ocrx_word' id='word_1_238' title='bbox 1253 3527 1404 3594; x_wconf 82' lang='lat' dir='ltr'><strong>perverse</strong></span> 
     </span>
     <span class='ocr_line' id='line_1_31' title="bbox 267 3611 1405 3698; baseline -0.001 -24"><span class='ocrx_word' id='word_1_239' title='bbox 267 3613 478 3676; x_wconf 84' lang='lat' dir='ltr'><strong>transtulisse.</strong></span> <span class='ocrx_word' id='word_1_240' title='bbox 518 3613 663 3697; x_wconf 88' lang='lat' dir='ltr'><strong>Denique</strong></span> <span class='ocrx_word' id='word_1_241' title='bbox 682 3612 905 3698; x_wconf 78' lang='lat' dir='ltr'><strong>„hypothetice</strong></span> <span class='ocrx_word' id='word_1_242' title='bbox 922 3611 1153 3697; x_wconf 79' lang='lat' dir='ltr'><strong>personaliter¹⁶</strong></span> <span class='ocrx_word' id='word_1_243' title='bbox 1173 3633 1280 3678; x_wconf 85' lang='lat' dir='ltr'><strong>errore</strong></span> <span class='ocrx_word' id='word_1_244' title='bbox 1298 3617 1405 3674; x_wconf 93' lang='lat' dir='ltr'><strong>ortum</strong></span> 
     </span>
     <span class='ocr_line' id='line_1_32' title="bbox 268 3712 1404 3802; baseline -0.004 -23"><span class='ocrx_word' id='word_1_245' title='bbox 268 3737 308 3779; x_wconf 77' lang='lat' dir='ltr'><strong>ex</strong></span> <span class='ocrx_word' id='word_1_246' title='bbox 334 3712 392 3778; x_wconf 88' lang='lat' dir='ltr'><strong>usu</strong></span> <span class='ocrx_word' id='word_1_247' title='bbox 413 3715 570 3780; x_wconf 83' lang='lat' dir='ltr'><strong>rhetorico</strong></span> <span class='ocrx_word' id='word_1_248' title='bbox 588 3717 734 3780; x_wconf 82' lang='lat' dir='ltr'><strong>vocabuli</strong></span> <span class='ocrx_word' id='word_1_249' title='bbox 755 3715 995 3802; x_wconf 74' lang='lat' dir='ltr'><strong>„lippotlresis“,</strong></span> <span class='ocrx_word' id='word_1_250' title='bbox 1020 3715 1051 3779; x_wconf 90' lang='lat' dir='ltr'><strong>ni</strong></span> <span class='ocrx_word' id='word_1_251' title='bbox 1068 3713 1171 3794; x_wconf 76' lang='lat' dir='ltr'><strong>fallor,</strong></span> <span class='ocrx_word' id='word_1_252' title='bbox 1195 3712 1404 3798; x_wconf 85' lang='lat' dir='ltr'><strong>explicando:</strong></span> 
     </span>
     <span class='ocr_line' id='line_1_33' title="bbox 267 3817 1406 3904; baseline 0.001 -25"><span class='ocrx_word' id='word_1_253' title='bbox 267 3839 329 3901; x_wconf 91' lang='lat' dir='ltr'><strong>quc</strong></span> <span class='ocrx_word' id='word_1_254' title='bbox 355 3821 510 3883; x_wconf 86' lang='lat' dir='ltr'><strong>vocabulo</strong></span> <span class='ocrx_word' id='word_1_255' title='bbox 536 3821 692 3884; x_wconf 86' lang='lat' dir='ltr'><strong>indicatur</strong></span> <span class='ocrx_word' id='word_1_256' title='bbox 718 3821 941 3904; x_wconf 79' lang='lat' dir='ltr'><strong>„quaestio</strong></span> <span class='ocrx_word' id='word_1_257' title='bbox 965 3841 1037 3884; x_wconf 89' lang='lat' dir='ltr'><strong>oum</strong></span> <span class='ocrx_word' id='word_1_258' title='bbox 1060 3838 1238 3902; x_wconf 84' lang='lat' dir='ltr'><strong>persona</strong></span> <span class='ocrx_word' id='word_1_259' title='bbox 1260 3817 1406 3882; x_wconf 80' lang='lat' dir='ltr'><strong>finita.“²</strong></span> 
     </span>
    </p>
   </div>
   <div class='ocr_carea' id='block_1_7' title="bbox 266 4006 1407 4508">
    <p class='ocr_par' dir='ltr' id='par_1_9' title="bbox 266 4006 1407 4424">
     <span class='ocr_line' id='line_1_34' title="bbox 352 4006 1404 4077; baseline -0.002 -16"><span class='ocrx_word' id='word_1_260' title='bbox 352 4045 354 4050; x_wconf 85' lang='lat'><em>.</em></span> <span class='ocrx_word' id='word_1_261' title='bbox 372 4011 379 4044; x_wconf 89' lang='lat'><strong>¹</strong></span> <span class='ocrx_word' id='word_1_262' title='bbox 391 4011 492 4072; x_wconf 79' lang='lat' dir='ltr'><strong>Quodsi</strong></span> <span class='ocrx_word' id='word_1_263' title='bbox 505 4013 599 4063; x_wconf 89' lang='lat' dir='ltr'><strong>mirum</strong></span> <span class='ocrx_word' id='word_1_264' title='bbox 616 4012 741 4064; x_wconf 85' lang='lat' dir='ltr'><strong>ridentur</strong></span> <span class='ocrx_word' id='word_1_265' title='bbox 756 4011 829 4077; x_wconf 83' lang='lat' dir='ltr'><strong>quod</strong></span> <span class='ocrx_word' id='word_1_266' title='bbox 841 4009 986 4063; x_wconf 84' lang='lat' dir='ltr'><strong>Diomedes</strong></span> <span class='ocrx_word' id='word_1_267' title='bbox 1001 4011 1070 4061; x_wconf 79' lang='lat' dir='ltr'><strong>lianc</strong></span> <span class='ocrx_word' id='word_1_268' title='bbox 1085 4009 1155 4061; x_wconf 89' lang='lat' dir='ltr'><strong>oden</strong></span> <span class='ocrx_word' id='word_1_269' title='bbox 1168 4009 1233 4074; x_wconf 74' lang='lat' dir='ltr'><strong>not</strong></span> <span class='ocrx_word' id='word_1_270' title='bbox 1245 4006 1404 4074; x_wconf 62' lang='lat' dir='ltr'><strong>„eclogam‘</strong></span> 
     </span>
     <span class='ocr_line' id='line_1_35' title="bbox 268 4094 1406 4164; baseline 0.002 -20"><span class='ocrx_word' id='word_1_271' title='bbox 268 4095 397 4159; x_wconf 88' lang='lat' dir='ltr'><strong>nominat,</strong></span> <span class='ocrx_word' id='word_1_272' title='bbox 418 4107 441 4146; x_wconf 83' lang='lat' dir='ltr'><strong>ct</strong></span> <span class='ocrx_word' id='word_1_273' title='bbox 462 4115 549 4164; x_wconf 85' lang='lat' dir='ltr'><strong>pnenc</strong></span> <span class='ocrx_word' id='word_1_274' title='bbox 569 4097 664 4148; x_wconf 84' lang='lat' dir='ltr'><strong>eredas</strong></span> <span class='ocrx_word' id='word_1_275' title='bbox 684 4113 802 4148; x_wconf 84' lang='lat' dir='ltr'><strong>arrorom</strong></span> <span class='ocrx_word' id='word_1_276' title='bbox 820 4097 992 4163; x_wconf 79' lang='lat' dir='ltr'><strong>grammatici</strong></span> <span class='ocrx_word' id='word_1_277' title='bbox 1012 4098 1055 4147; x_wconf 83' lang='lat' dir='ltr'><strong>mo</strong></span> <span class='ocrx_word' id='word_1_278' title='bbox 1074 4094 1249 4147; x_wconf 88' lang='lat' dir='ltr'><strong>statuendum</strong></span> <span class='ocrx_word' id='word_1_279' title='bbox 1269 4111 1338 4157; x_wconf 75' lang='lat' dir='ltr'><strong>esse,</strong></span> <span class='ocrx_word' id='word_1_280' title='bbox 1358 4096 1406 4163; x_wconf 91' lang='lat' dir='ltr'><strong>qui</strong></span> 
     </span>
     <span class='ocr_line' id='line_1_36' title="bbox 267 4181 1407 4248; baseline 0.003 -19"><span class='ocrx_word' id='word_1_281' title='bbox 267 4181 380 4245; x_wconf 80' lang='lat' dir='ltr'><strong>iontem,</strong></span> <span class='ocrx_word' id='word_1_282' title='bbox 407 4181 480 4234; x_wconf 87' lang='lat' dir='ltr'><strong>unde</strong></span> <span class='ocrx_word' id='word_1_283' title='bbox 506 4183 636 4244; x_wconf 79' lang='lat' dir='ltr'><strong>hauriret,</strong></span> <span class='ocrx_word' id='word_1_284' title='bbox 656 4199 709 4234; x_wconf 90' lang='lat' dir='ltr'><strong>uon</strong></span> <span class='ocrx_word' id='word_1_285' title='bbox 730 4183 797 4234; x_wconf 85' lang='lat' dir='ltr'><strong>satis</strong></span> <span class='ocrx_word' id='word_1_286' title='bbox 818 4183 985 4233; x_wconf 85' lang='lat' dir='ltr'><strong>intellexerit</strong></span> <span class='ocrx_word' id='word_1_287' title='bbox 1008 4183 1087 4233; x_wconf 88' lang='lat' dir='ltr'><strong>etde</strong></span> <span class='ocrx_word' id='word_1_288' title='bbox 1112 4182 1226 4248; x_wconf 83' lang='lat' dir='ltr'><strong>Vergilii</strong></span> <span class='ocrx_word' id='word_1_289' title='bbox 1240 4183 1340 4248; x_wconf 80' lang='lat' dir='ltr'><strong>ecloga</strong></span> <span class='ocrx_word' id='word_1_290' title='bbox 1358 4182 1407 4248; x_wconf 84' lang='lat' dir='ltr'><strong>agi</strong></span> 
     </span>
     <span class='ocr_line' id='line_1_37' title="bbox 266 4266 1406 4334; baseline 0 -17"><span class='ocrx_word' id='word_1_291' title='bbox 266 4270 416 4332; x_wconf 78' lang='lat' dir='ltr'><strong>putaverit:</strong></span> <span class='ocrx_word' id='word_1_292' title='bbox 431 4271 560 4334; x_wconf 86' lang='lat' dir='ltr'><strong>inspicias</strong></span> <span class='ocrx_word' id='word_1_293' title='bbox 580 4273 654 4322; x_wconf 85' lang='lat' dir='ltr'><strong>locos</strong></span> <span class='ocrx_word' id='word_1_294' title='bbox 668 4289 683 4321; x_wconf 88' lang='lat' dir='ltr'><strong>a</strong></span> <span class='ocrx_word' id='word_1_295' title='bbox 698 4272 815 4322; x_wconf 87' lang='lat' dir='ltr'><strong>Bnalrric</strong></span> <span class='ocrx_word' id='word_1_296' title='bbox 829 4271 940 4332; x_wconf 80' lang='lat' dir='ltr'><strong>(Gesclr.</strong></span> <span class='ocrx_word' id='word_1_297' title='bbox 956 4269 981 4322; x_wconf 90' lang='lat' dir='ltr'><strong>d.</strong></span> <span class='ocrx_word' id='word_1_298' title='bbox 1001 4287 1083 4322; x_wconf 87' lang='lat' dir='ltr'><strong>roam.</strong></span> <span class='ocrx_word' id='word_1_299' title='bbox 1102 4271 1153 4322; x_wconf 86' lang='lat' dir='ltr'><strong>Lit.</strong></span> <span class='ocrx_word' id='word_1_300' title='bbox 1173 4269 1204 4321; x_wconf 84' lang='lat'><strong>1⁴</strong></span> <span class='ocrx_word' id='word_1_301' title='bbox 1222 4285 1247 4334; x_wconf 93' lang='lat' dir='ltr'><strong>p.</strong></span> <span class='ocrx_word' id='word_1_302' title='bbox 1266 4266 1328 4328; x_wconf 69' lang='lat'><strong>57⁶2)</strong></span> <span class='ocrx_word' id='word_1_303' title='bbox 1348 4267 1406 4318; x_wconf 90' lang='lat' dir='ltr'><strong>col-</strong></span> 
     </span>
     <span class='ocr_line' id='line_1_38' title="bbox 267 4351 1349 4424; baseline 0 -20"><span class='ocrx_word' id='word_1_304' title='bbox 267 4355 362 4415; x_wconf 83' lang='lat' dir='ltr'><strong>lectos,</strong></span> <span class='ocrx_word' id='word_1_305' title='bbox 382 4356 506 4420; x_wconf 86' lang='lat' dir='ltr'><strong>inprimis</strong></span> <span class='ocrx_word' id='word_1_306' title='bbox 528 4357 639 4407; x_wconf 70' lang='lat' dir='ltr'><strong>:tusonii</strong></span> <span class='ocrx_word' id='word_1_307' title='bbox 661 4357 747 4422; x_wconf 89' lang='lat' dir='ltr'><strong>praei.</strong></span> <span class='ocrx_word' id='word_1_308' title='bbox 767 4360 800 4408; x_wconf 83' lang='lat' dir='ltr'><strong>ad</strong></span> <span class='ocrx_word' id='word_1_309' title='bbox 821 4358 905 4424; x_wconf 75' lang='lat' dir='ltr'><strong>edyll.</strong></span> <span class='ocrx_word' id='word_1_310' title='bbox 927 4358 957 4409; x_wconf 94' lang='lat' dir='ltr'><strong>ll</strong></span> <span class='ocrx_word' id='word_1_311' title='bbox 978 4355 1022 4422; x_wconf 83' lang='lat' dir='ltr'><strong>(dc</strong></span> <span class='ocrx_word' id='word_1_312' title='bbox 1043 4356 1109 4408; x_wconf 86' lang='lat' dir='ltr'><strong>lior.</strong></span> <span class='ocrx_word' id='word_1_313' title='bbox 1129 4371 1212 4408; x_wconf 82' lang='lat' dir='ltr'><strong>carm.</strong></span> <span class='ocrx_word' id='word_1_314' title='bbox 1232 4351 1349 4416; x_wconf 72' lang='lat'><em>11119).</em></span> 
     </span>
    </p>

    <p class='ocr_par' dir='ltr' id='par_1_10' title="bbox 369 4440 1403 4508">
     <span class='ocr_line' id='line_1_39' title="bbox 369 4440 1403 4508; baseline 0.002 -18"><span class='ocrx_word' id='word_1_315' title='bbox 369 4440 434 4490; x_wconf 68' lang='grc' dir='ltr'><strong>2ΟΓ</strong></span> <span class='ocrx_word' id='word_1_316' title='bbox 468 4443 655 4506; x_wconf 59' lang='lat' dir='ltr'><strong>Hermogenis</strong></span> <span class='ocrx_word' id='word_1_317' title='bbox 682 4443 706 4492; x_wconf 92' lang='lat' dir='ltr'><strong>in</strong></span> <span class='ocrx_word' id='word_1_318' title='bbox 734 4444 981 4508; x_wconf 75' lang='lat' dir='ltr'><strong>progymrmsrnutis</strong></span> <span class='ocrx_word' id='word_1_319' title='bbox 1007 4443 1034 4494; x_wconf 95' lang='lat' dir='ltr'><strong>Il</strong></span> <span class='ocrx_word' id='word_1_320' title='bbox 1056 4443 1093 4502; x_wconf 78' lang='grc'><strong>17,</strong></span> <span class='ocrx_word' id='word_1_321' title='bbox 1113 4441 1147 4494; x_wconf 70' lang='grc' dir='ltr'>ἳὸ</span> <span class='ocrx_word' id='word_1_322' title='bbox 1173 4442 1291 4508; x_wconf 77' lang='lat' dir='ltr'><strong>Spengel</strong></span> <span class='ocrx_word' id='word_1_323' title='bbox 1295 4473 1403 4492; x_wconf 57' lang='grc'><strong>......</strong></span> 
     </span>
    </p>
   </div>
   <div class='ocr_carea' id='block_1_8' title="bbox 0 0 1632 4930">
    <p class='ocr_par' dir='ltr' id='par_1_11' title="bbox 0 0 1632 4930">
     <span class='ocr_line' id='line_1_40' title="bbox 0 0 1632 4930; baseline 0 0"><span class='ocrx_word' id='word_1_324' title='bbox 0 0 1632 4930; x_wconf 95' lang='lat' dir='ltr'><strong> </strong></span> 
     </span>
    </p>
   </div>
  </div>
 </body>
</html>
