3274 4934
318 361 336 422 s
749 395 792 404 -
839 358 924 440 [ιιι]
971 395 1012 404 -

316 547 421 631 fieret,
454 567 537 631 qnae
564 552 622 613 aut
649 567 751 633 pausa
779 553 836 613 aut
857 547 922 614 arsi
943 547 1089 631 sequenti
1113 547 1220 613 versui
1241 546 1396 632 praefixa
1420 547 1473 613 ad

316 650 410 716 unius
433 650 526 738 pedis
548 670 728 719 mensuram
751 651 972 736 compleretur.
1012 650 1104 730 Quod
1126 651 1196 718 loco
1218 649 1316 716 citato
1339 649 1380 716 lit
1401 651 1470 716 hoc

316 1089 351 1147 ut
379 1083 483 1148 colum
513 1089 660 1166 quattuor
688 1081 803 1168 pedum
833 1082 1085 1167 comprehendat
1113 1083 1232 1149 exitum
1262 1090 1296 1149 et
1325 1083 1463 1150 initium

315 1205 464 1252 versuum

692 1275 1074 1392 zeuzwssa'y-

315 1427 428 1510 Neque
450 1427 634 1510 ignoramus
657 1446 784 1513 semper
802 1428 941 1495 futurum
956 1427 1077 1512 aliquid
1091 1428 1124 1494 in
1140 1427 1199 1494 hoc
1214 1435 1341 1513 conatu,
1368 1431 1460 1514 qnod

316 1530 501 1597 fastidiosos
523 1530 601 1597 artis
623 1530 814 1598 Pindaricae
836 1533 1058 1599 aestimatores
1081 1532 1234 1598 offendat.

401 1635 438 1699 In
460 1634 576 1701 ictibus
599 1634 829 1702 distribuendis
852 1635 931 1701 nihil
953 1657 1071 1702 novare
1094 1635 1356 1717 voluimus‚‘sed
1379 1657 1456 1702 cum

315 1737 463 1804 omnibus
491 1737 667 1806 editoribus
694 1737 824 1804 Pindari
852 1739 886 1804 in
917 1738 1055 1825 strophis
1085 1738 1200 1805 doricis
1229 1738 1458 1806 describendis

315 1841 379 1908 ictu
410 1843 592 1908 notabimus
621 1843 756 1928 primam
785 1842 891 1908 thesin
919 1843 991 1910 coli.
1037 1844 1164 1909 Revera
1185 1849 1292 1908 autem
1314 1843 1349 1908 iu
1372 1845 1456 1911 colis

316 1945 484 2030 dactylicis
511 1952 543 2012 et
568 1943 738 2012 trochaicis
761 1946 898 2031 primam
919 1945 1026 2013 thesin
1047 1945 1254 2012 fortissimum
1276 1946 1376 2013 ictum
1400 1967 1456 2014 re-

315 2049 441 2135 cepisse
463 2070 521 2134 pro
544 2055 629 2116 certo
651 2069 714 2115 non
737 2055 871 2134 constat,
898 2049 956 2116 sed
978 2050 1045 2116 veri
1067 2050 1173 2116 simile
1187 2057 1247 2116 est.
1287 2049 1455 2117 Discimus

315 2153 400 2218 enim
423 2173 464 2219 ex
485 2152 703 2236 grammaticis
725 2151 845 2236 latinis,
872 2152 925 2236 qui
944 2152 1111 2219 Heliodori
1133 2152 1308 2220 doctrinam
1330 2173 1455 2238 propa-

315 2261 403 2340 gant,
429 2255 462 2320 in
483 2255 626 2322 trimetro
647 2255 795 2339 iambico,
821 2256 875 2340 qui
897 2262 1022 2322 constat
1044 2277 1085 2322 ex
1106 2257 1208 2324 tribus
1231 2255 1375 2341 syzygiis
1398 2257 1453 2322 vel

315 2358 452 2444 pedibus
476 2358 668 2444 duplicibus,
695 2360 839 2426 fortiores
861 2358 944 2425 ictus
967 2360 1123 2427 cecidisse
1137 2362 1170 2426 in
1186 2361 1318 2427 alteram
1334 2381 1454 2444 quam-

316 2483 378 2547 que
401 2464 606 2550 syzygiarum
628 2463 746 2546 thesin,
771 2463 792 2528 i.
812 2483 841 2530 e.
866 2462 898 2528 in
922 2463 1024 2550 pedes
1046 2483 1158 2531 versus
1180 2465 1327 2548 alterum,
1352 2485 1454 2549 quar-

315 2574 392 2652 tum,
418 2576 560 2636 sextum:
615 2571 618 2580 ’

622 2684 942 2772 Q-oL,0-v‡
978 2658 1122 2738 ῦ-υέ

641 2745 647 2755 ,
946 2741 953 2773 ,
1125 2741 1132 2755 .

315 2809 459 2896 Syaygia
487 2809 585 2895 igitur
613 2811 696 2878 ictus
725 2809 917 2876 scandentes
945 2810 1044 2876 habet
1068 2807 1104 2889 (ὖ
1118 2817 1140 2860 ²
1155 2828 1180 2859 v
1193 2812 1248 2895 -')‚
1286 2811 1369 2876 sicut
1391 2833 1455 2897 pes

314 2914 452 3000 simplex
475 2915 516 2980 ab
538 2915 603 2980 arsi
625 2913 667 2980 ad
689 2913 794 2980 thesin
816 2914 1020 2999 progreditur
1047 2914 1081 2997 (υ
1094 2915 1142 2998 -’).
1190 2914 1311 2993 Quodsi
1334 2915 1454 2982 eadem

315 3017 466 3101 analogia
495 3023 545 3084 est
573 3018 605 3083 in
636 3017 708 3084 aliis
737 3017 846 3084 metris
874 3017 957 3084 inter
984 3016 1085 3104 pedes
1108 3017 1272 3103 simplices
1295 3025 1328 3085 et
1348 3019 1455 3104 pedes

315 3121 506 3208 compositos
527 3122 550 3188 i.
569 3142 599 3189 e.
622 3122 710 3207 cola,
744 3122 814 3188 cola
835 3121 996 3207 dactylica
1018 3128 1050 3188 et
1071 3122 1232 3188 trochaica
1252 3121 1367 3188 ictibus
1391 3123 1456 3190 de-

315 3224 541 3292 scendentibus
563 3225 769 3310 insignienda
792 3233 874 3308 sunt,
900 3225 976 3310 quia
997 3243 1057 3310 pes
1080 3225 1259 3311 dactylicus
1284 3225 1315 3308 (-‘
1329 3229 1390 3310 W)
1417 3235 1455 3294 et

315 3347 373 3414 pes
395 3328 575 3395 trochaicus
602 3330 634 3414 (—'
649 3332 683 3414 vl
710 3350 731 3395 a
752 3329 836 3396 thesi
858 3328 901 3395 ad
922 3327 1009 3395 arsin
1032 3329 1289 3413 progrediuntur.

400 3431 493 3510 Quod
522 3438 629 3498 autem
651 3433 871 3520 Westphalius
906 3431 976 3516 (Die
997 3432 1190 3516 Fragments
1212 3453 1243 3496 ιι.
1270 3432 1324 3498 die
1347 3433 1454 3498 Lebr-

314 3540 402 3602 stitae
432 3534 489 3601 der
517 3535 741 3620 griechischen
767 3535 979 3622 Rhythmiker
999 3556 1032 3621 p.
1054 3537 1124 3620 180)
1158 3535 1239 3601 ictus
1268 3535 1452 3604 hexametri

313 3639 465 3726 dactylici
487 3639 547 3707 hoc
568 3640 662 3707 modo
684 3639 922 3708 distribuendos
945 3658 1017 3707 esse
1039 3645 1162 3706 censet:

592 3759 1166 3811 lewaZwLwffl-

313 3866 420 3933 verbis
446 3865 538 3932 blarii
559 3865 713 3932 Victorini
745 3866 784 3952 (p.
812 3865 929 3949 astat:
961 3862 1099 3930 »herous
1128 3863 1163 3930 in
1192 3863 1275 3930 duas
1302 3863 1452 3932 caeditur·

314 3976 436 4055 partes,
463 3968 748 4053 penthemimercm
770 3975 802 4035 et
823 3966 1167 4054 hephthemimeremr,
1201 3967 1338 4050 abusus,
1364 3987 1452 4050 quae

314 4073 355 4138 de
379 4091 522 4154 caesura,
549 4092 612 4137 non
635 4071 676 4138 de
698 4073 815 4140 ictibus
838 4071 923 4138 dicta
946 4077 1030 4156 sunt,
1056 4069 1184 4155 probari
1205 4070 1326 4152 nequit.
1363 4071 1449 4136 Nam

313 4176 397 4259 quod
412 4175 454 4242 ad
469 4175 624 4242 rationem
639 4195 730 4242 suam
746 4176 993 4243 confirmandam
1010 4173 1140 4260 profert,
1163 4174 1223 4242 hac
1238 4174 1450 4258 percussione

312 4280 421 4349 theses
449 4287 524 4348 ante
554 4299 720 4347 masuram
743 4288 775 4348 et
797 4287 873 4347 aute
894 4279 990 4347 finem
1013 4297 1124 4345 versus
1153 4275 1343 4344 fortissimos
1364 4277 1451 4346 ictum
