<?xml version="1.0" encoding="UTF-8"?>
<!DOCTYPE html PUBLIC "-//W3C//DTD XHTML 1.0 Transitional//EN"
    "http://www.w3.org/TR/xhtml1/DTD/xhtml1-transitional.dtd">
<html xmlns="http://www.w3.org/1999/xhtml" xml:lang="en" lang="en">
 <head>
  <title>
</title>
<meta http-equiv="Content-Type" content="text/html;charset=utf-8" />
  <meta name='ocr-system' content='tesseract 3.04.00' />
  <meta name='ocr-capabilities' content='ocr_page ocr_carea ocr_par ocr_line ocrx_word'/>
</head>
<body>
  <div class='ocr_page' id='page_1' title='image "./dissertationesp02stragoog_0486.png"; bbox 0 0 3274 4934; ppageno 0'>
   <div class='ocr_carea' id='block_1_1' title="bbox 615 413 1312 496">
    <p class='ocr_par' dir='ltr' id='par_1_1' title="bbox 615 413 1312 496">
     <span class='ocr_line' id='line_1_1' title="bbox 615 413 1312 496; baseline -0.003 -19"><span class='ocrx_word' id='word_1_1' title='bbox 615 453 658 460; x_wconf 93' lang='lat'><em>-</em></span> <span class='ocrx_word' id='word_1_2' title='bbox 706 415 790 496; x_wconf 75' lang='grc' dir='ltr'>μου</span> <span class='ocrx_word' id='word_1_3' title='bbox 839 449 880 460; x_wconf 94' lang='grc'>-</span> <span class='ocrx_word' id='word_1_4' title='bbox 1273 413 1312 476; x_wconf 84' lang='grc' dir='ltr'>ιτ</span> 
     </span>
    </p>
   </div>
   <div class='ocr_carea' id='block_1_2' title="bbox 179 594 1314 691">
    <p class='ocr_par' dir='ltr' id='par_1_2' title="bbox 179 594 1314 691">
     <span class='ocr_line' id='line_1_2' title="bbox 179 594 1314 691; baseline -0.005 -19"><span class='ocrx_word' id='word_1_5' title='bbox 179 607 340 673; x_wconf 87' lang='lat' dir='ltr'>Kochlero</span> <span class='ocrx_word' id='word_1_6' title='bbox 361 603 548 691; x_wconf 78' lang='lat' dir='ltr'>{praeeunte</span> <span class='ocrx_word' id='word_1_7' title='bbox 577 605 623 669; x_wconf 84' lang='lat' dir='ltr'>ita</span> <span class='ocrx_word' id='word_1_8' title='bbox 653 603 806 689; x_wconf 85' lang='lat' dir='ltr'>explendi</span> <span class='ocrx_word' id='word_1_9' title='bbox 839 609 928 668; x_wconf 89' lang='lat' dir='ltr'>sunt:</span> <span class='ocrx_word' id='word_1_10' title='bbox 966 594 1102 684; x_wconf 84' lang='grc' dir='ltr'>[ὀμόσαι</span> <span class='ocrx_word' id='word_1_11' title='bbox 1124 600 1161 666; x_wconf 80' lang='grc' dir='ltr'>δὲ</span> <span class='ocrx_word' id='word_1_12' title='bbox 1184 597 1245 688; x_wconf 80' lang='grc' dir='ltr'>τήν</span> <span class='ocrx_word' id='word_1_13' title='bbox 1267 604 1314 684; x_wconf 76' lang='grc' dir='ltr'>τε]</span> 
     </span>
    </p>
   </div>
   <div class='ocr_carea' id='block_1_3' title="bbox 83 701 1319 4404">
    <p class='ocr_par' dir='ltr' id='par_1_3' title="bbox 180 701 1318 897">
     <span class='ocr_line' id='line_1_3' title="bbox 180 701 1318 795; baseline -0.004 -21"><span class='ocrx_word' id='word_1_14' title='bbox 180 706 306 795; x_wconf 74' lang='grc' dir='ltr'><strong><em>βουλὴν</em></strong></span> <span class='ocrx_word' id='word_1_15' title='bbox 335 707 392 772; x_wconf 79' lang='grc' dir='ltr'><strong><em>καί</em></strong></span> <span class='ocrx_word' id='word_1_16' title='bbox 421 703 514 790; x_wconf 64' lang='lat' dir='ltr'>solda</span> <span class='ocrx_word' id='word_1_17' title='bbox 537 703 744 792; x_wconf 80' lang='grc' dir='ltr'><strong><em>στρατηγοὺς</em></strong></span> <span class='ocrx_word' id='word_1_18' title='bbox 767 701 925 780; x_wconf 75' lang='grc' dir='ltr'><strong><em>καὶτοὺς</em></strong></span> <span class='ocrx_word' id='word_1_19' title='bbox 948 701 1158 790; x_wconf 51' lang='lat' dir='ltr'>{ammove</span> <span class='ocrx_word' id='word_1_20' title='bbox 1184 703 1236 787; x_wconf 82' lang='lat' dir='ltr'>(cf.</span> <span class='ocrx_word' id='word_1_21' title='bbox 1263 723 1318 770; x_wconf 82' lang='lat' dir='ltr'>su-</span> 
     </span>
     <span class='ocr_line' id='line_1_4' title="bbox 180 805 853 897; baseline -0.012 -18"><span class='ocrx_word' id='word_1_22' title='bbox 180 833 239 897; x_wconf 85' lang='lat' dir='ltr'>pra</span> <span class='ocrx_word' id='word_1_23' title='bbox 262 811 305 878; x_wconf 91' lang='lat' dir='ltr'>ad</span> <span class='ocrx_word' id='word_1_24' title='bbox 327 811 360 876; x_wconf 91' lang='lat'>11</span> <span class='ocrx_word' id='word_1_25' title='bbox 386 815 432 894; x_wconf 77' lang='lat' dir='ltr'>lu]</span> <span class='ocrx_word' id='word_1_26' title='bbox 461 809 518 874; x_wconf 87' lang='grc' dir='ltr'><strong><em>καί</em></strong></span> <span class='ocrx_word' id='word_1_27' title='bbox 539 805 618 886; x_wconf 81' lang='grc' dir='ltr'><strong><em>τοὺς</em></strong></span> <span class='ocrx_word' id='word_1_28' title='bbox 640 807 853 894; x_wconf 84' lang='grc' dir='ltr'><strong><em>ταξιάρχους.</em></strong></span> 
     </span>
    </p>

    <p class='ocr_par' dir='ltr' id='par_1_4' title="bbox 129 908 1318 1516">
     <span class='ocr_line' id='line_1_5' title="bbox 265 908 1318 981; baseline -0.006 0"><span class='ocrx_word' id='word_1_29' title='bbox 265 913 386 981; x_wconf 80' lang='lat' dir='ltr'>Eodem</span> <span class='ocrx_word' id='word_1_30' title='bbox 409 931 493 978; x_wconf 88' lang='lat' dir='ltr'>anno</span> <span class='ocrx_word' id='word_1_31' title='bbox 516 911 732 978; x_wconf 78' lang='lat' dir='ltr'>Athenienses</span> <span class='ocrx_word' id='word_1_32' title='bbox 760 931 832 978; x_wconf 92' lang='lat' dir='ltr'>cum</span> <span class='ocrx_word' id='word_1_33' title='bbox 854 909 1027 978; x_wconf 75' lang='lat' dir='ltr'>Leucadiis</span> <span class='ocrx_word' id='word_1_34' title='bbox 1055 908 1169 976; x_wconf 86' lang='lat' dir='ltr'>foedus</span> <span class='ocrx_word' id='word_1_35' title='bbox 1202 909 1318 976; x_wconf 84' lang='lat' dir='ltr'>fecisse</span> 
     </span>
     <span class='ocr_line' id='line_1_6' title="bbox 179 1011 1317 1103; baseline -0.004 -20"><span class='ocrx_word' id='word_1_36' title='bbox 179 1017 311 1084; x_wconf 75' lang='lat' dir='ltr'>norb</span> <span class='ocrx_word' id='word_1_37' title='bbox 340 1026 380 1103; x_wconf 79' lang='lat' dir='ltr'>lp·</span> <span class='ocrx_word' id='word_1_38' title='bbox 407 1019 479 1101; x_wconf 78' lang='lat'>400)</span> <span class='ocrx_word' id='word_1_39' title='bbox 507 1013 690 1081; x_wconf 88' lang='lat' dir='ltr'>testimonio</span> <span class='ocrx_word' id='word_1_40' title='bbox 713 1021 772 1082; x_wconf 86' lang='lat' dir='ltr'>cst.</span> <span class='ocrx_word' id='word_1_41' title='bbox 820 1013 872 1080; x_wconf 93' lang='lat' dir='ltr'>Ad</span> <span class='ocrx_word' id='word_1_42' title='bbox 905 1013 1126 1080; x_wconf 86' lang='lat' dir='ltr'>iusiurandum</span> <span class='ocrx_word' id='word_1_43' title='bbox 1149 1013 1208 1078; x_wconf 86' lang='lat' dir='ltr'>has</span> <span class='ocrx_word' id='word_1_44' title='bbox 1230 1011 1317 1078; x_wconf 89' lang='lat' dir='ltr'>litte-</span> 
     </span>
     <span class='ocr_line' id='line_1_7' title="bbox 129 1113 1315 1204; baseline -0.008 -17"><span class='ocrx_word' id='word_1_45' title='bbox 129 1113 134 1120; x_wconf 73' lang='grc'><strong>’</strong></span> <span class='ocrx_word' id='word_1_46' title='bbox 179 1139 233 1187; x_wconf 86' lang='lat' dir='ltr'>ras</span> <span class='ocrx_word' id='word_1_47' title='bbox 253 1119 338 1187; x_wconf 86' lang='lat' dir='ltr'>tituli</span> <span class='ocrx_word' id='word_1_48' title='bbox 360 1118 522 1204; x_wconf 83' lang='lat' dir='ltr'>pertinere</span> <span class='ocrx_word' id='word_1_49' title='bbox 540 1124 692 1204; x_wconf 88' lang='lat' dir='ltr'>apparet:</span> <span class='ocrx_word' id='word_1_50' title='bbox 720 1114 901 1203; x_wconf 76' lang='grc' dir='ltr'><strong><em>ἱππάρχαι·</em></strong></span> <span class='ocrx_word' id='word_1_51' title='bbox 930 1123 1017 1204; x_wconf 85' lang='grc' dir='ltr'><strong><em>Νικη</em></strong></span> <span class='ocrx_word' id='word_1_52' title='bbox 1037 1165 1186 1181; x_wconf 92' lang='grc'>......</span> <span class='ocrx_word' id='word_1_53' title='bbox 1206 1114 1277 1180; x_wconf 75' lang='lat' dir='ltr'>cali</span> <span class='ocrx_word' id='word_1_54' title='bbox 1282 1133 1315 1190; x_wconf 91' lang='grc' dir='ltr'>ς·</span> 
     </span>
     <span class='ocr_line' id='line_1_8' title="bbox 181 1218 1317 1310; baseline -0.005 -21"><span class='ocrx_word' id='word_1_55' title='bbox 181 1227 376 1310; x_wconf 81' lang='grc' dir='ltr'><strong><em>στρατηγοί·</em></strong></span> <span class='ocrx_word' id='word_1_56' title='bbox 403 1223 603 1308; x_wconf 59' lang='lat' dir='ltr'>caparam,</span> <span class='ocrx_word' id='word_1_57' title='bbox 637 1220 821 1297; x_wconf 78' lang='grc' dir='ltr'><strong><em>Σπουδίας.</em></strong></span> <span class='ocrx_word' id='word_1_58' title='bbox 877 1222 942 1286; x_wconf 86' lang='lat' dir='ltr'>Aut</span> <span class='ocrx_word' id='word_1_59' title='bbox 961 1219 1060 1305; x_wconf 85' lang='lat' dir='ltr'>igitur</span> <span class='ocrx_word' id='word_1_60' title='bbox 1094 1218 1170 1304; x_wconf 89' lang='lat' dir='ltr'>quia</span> <span class='ocrx_word' id='word_1_61' title='bbox 1192 1218 1317 1284; x_wconf 81' lang='lat' dir='ltr'>Leuea-</span> 
     </span>
     <span class='ocr_line' id='line_1_9' title="bbox 179 1321 1318 1410; baseline -0.009 -16"><span class='ocrx_word' id='word_1_62' title='bbox 179 1327 302 1394; x_wconf 89' lang='lat' dir='ltr'>diorum</span> <span class='ocrx_word' id='word_1_63' title='bbox 325 1346 387 1393; x_wconf 91' lang='lat' dir='ltr'>non</span> <span class='ocrx_word' id='word_1_64' title='bbox 410 1345 528 1410; x_wconf 87' lang='lat' dir='ltr'>magna</span> <span class='ocrx_word' id='word_1_65' title='bbox 550 1331 619 1392; x_wconf 88' lang='lat' dir='ltr'>erat</span> <span class='ocrx_word' id='word_1_66' title='bbox 641 1324 773 1406; x_wconf 84' lang='lat' dir='ltr'>civitas,</span> <span class='ocrx_word' id='word_1_67' title='bbox 805 1323 868 1390; x_wconf 92' lang='lat' dir='ltr'>duo</span> <span class='ocrx_word' id='word_1_68' title='bbox 896 1330 1021 1390; x_wconf 78' lang='lat' dir='ltr'>autum</span> <span class='ocrx_word' id='word_1_69' title='bbox 1049 1321 1183 1406; x_wconf 79' lang='lat' dir='ltr'>strategi</span> <span class='ocrx_word' id='word_1_70' title='bbox 1211 1321 1318 1387; x_wconf 91' lang='lat' dir='ltr'>iurant</span> 
     </span>
     <span class='ocr_line' id='line_1_10' title="bbox 180 1430 830 1516; baseline -0.008 -20"><span class='ocrx_word' id='word_1_71' title='bbox 180 1437 236 1496; x_wconf 88' lang='lat' dir='ltr'>aut</span> <span class='ocrx_word' id='word_1_72' title='bbox 258 1430 321 1495; x_wconf 93' lang='lat' dir='ltr'>duo</span> <span class='ocrx_word' id='word_1_73' title='bbox 344 1436 466 1495; x_wconf 89' lang='lat' dir='ltr'>tanturn</span> <span class='ocrx_word' id='word_1_74' title='bbox 489 1437 555 1495; x_wconf 87' lang='lat' dir='ltr'>tum</span> <span class='ocrx_word' id='word_1_75' title='bbox 578 1435 707 1516; x_wconf 87' lang='lat' dir='ltr'>praesto</span> <span class='ocrx_word' id='word_1_76' title='bbox 730 1435 830 1494; x_wconf 87' lang='lat' dir='ltr'>erant.</span> 
     </span>
    </p>

    <p class='ocr_par' dir='ltr' id='par_1_5' title="bbox 83 1527 1318 3890">
     <span class='ocr_line' id='line_1_11' title="bbox 265 1527 1317 1616; baseline -0.004 -18"><span class='ocrx_word' id='word_1_77' title='bbox 265 1532 390 1598; x_wconf 88' lang='lat' dir='ltr'>Deinde</span> <span class='ocrx_word' id='word_1_78' title='bbox 417 1529 599 1599; x_wconf 86' lang='lat' dir='ltr'>Koehlerus</span> <span class='ocrx_word' id='word_1_79' title='bbox 631 1531 793 1616; x_wconf 73' lang='grc' dir='ltr'><strong><em>(Μίίίίισίί.</em></strong></span> <span class='ocrx_word' id='word_1_80' title='bbox 815 1530 848 1595; x_wconf 91' lang='lat'>11</span> <span class='ocrx_word' id='word_1_81' title='bbox 873 1533 933 1594; x_wconf 81' lang='lat'>142</span> <span class='ocrx_word' id='word_1_82' title='bbox 956 1533 1039 1614; x_wconf 70' lang='lat' dir='ltr'>sqq.)</span> <span class='ocrx_word' id='word_1_83' title='bbox 1065 1530 1192 1596; x_wconf 91' lang='lat' dir='ltr'>titulum</span> <span class='ocrx_word' id='word_1_84' title='bbox 1215 1527 1317 1594; x_wconf 87' lang='lat' dir='ltr'>edidit</span> 
     </span>
     <span class='ocr_line' id='line_1_12' title="bbox 178 1631 1313 1721; baseline -0.009 -19"><span class='ocrx_word' id='word_1_85' title='bbox 178 1656 263 1702; x_wconf 89' lang='lat' dir='ltr'>anno</span> <span class='ocrx_word' id='word_1_86' title='bbox 287 1638 385 1720; x_wconf 72' lang='grc' dir='ltr'>363ίῖ</span> <span class='ocrx_word' id='word_1_87' title='bbox 409 1636 574 1721; x_wconf 89' lang='lat' dir='ltr'>scriptum,</span> <span class='ocrx_word' id='word_1_88' title='bbox 600 1653 662 1718; x_wconf 90' lang='lat' dir='ltr'>quo</span> <span class='ocrx_word' id='word_1_89' title='bbox 684 1631 798 1700; x_wconf 79' lang='lat' dir='ltr'>l&#39;oedus</span> <span class='ocrx_word' id='word_1_90' title='bbox 822 1653 893 1699; x_wconf 90' lang='lat' dir='ltr'>cum</span> <span class='ocrx_word' id='word_1_91' title='bbox 908 1632 984 1698; x_wconf 80' lang='lat' dir='ltr'>(leis</span> <span class='ocrx_word' id='word_1_92' title='bbox 1004 1632 1101 1698; x_wconf 91' lang='lat' dir='ltr'>ictum</span> <span class='ocrx_word' id='word_1_93' title='bbox 1124 1631 1313 1698; x_wconf 77' lang='lat' dir='ltr'>continetur.</span> 
     </span>
     <span class='ocr_line' id='line_1_13' title="bbox 179 1730 1318 1822; baseline -0.006 -18"><span class='ocrx_word' id='word_1_94' title='bbox 179 1759 210 1804; x_wconf 87' lang='lat' dir='ltr'>v.</span> <span class='ocrx_word' id='word_1_95' title='bbox 230 1743 270 1803; x_wconf 82' lang='lat'>57</span> <span class='ocrx_word' id='word_1_96' title='bbox 293 1758 341 1822; x_wconf 92' lang='lat' dir='ltr'>sq.</span> <span class='ocrx_word' id='word_1_97' title='bbox 367 1738 468 1805; x_wconf 88' lang='lat' dir='ltr'>habes</span> <span class='ocrx_word' id='word_1_98' title='bbox 490 1739 585 1806; x_wconf 86' lang='lat' dir='ltr'>haec:</span> <span class='ocrx_word' id='word_1_99' title='bbox 618 1733 698 1802; x_wconf 81' lang='grc' dir='ltr'><strong><em>τάδε</em></strong></span> <span class='ocrx_word' id='word_1_100' title='bbox 721 1737 898 1803; x_wconf 79' lang='grc' dir='ltr'><strong><em>συνέθεντο</em></strong></span> <span class='ocrx_word' id='word_1_101' title='bbox 921 1735 979 1800; x_wconf 86' lang='grc' dir='ltr'><strong><em>καί</em></strong></span> <span class='ocrx_word' id='word_1_102' title='bbox 1001 1730 1138 1820; x_wconf 75' lang='grc' dir='ltr'><strong><em>ὤμοσαν</em></strong></span> <span class='ocrx_word' id='word_1_103' title='bbox 1160 1733 1192 1800; x_wconf 81' lang='grc' dir='ltr'>οἱ</span> <span class='ocrx_word' id='word_1_104' title='bbox 1216 1756 1318 1820; x_wconf 92' lang='grc' dir='ltr'><strong><em>στρα-</em></strong></span> 
     </span>
     <span class='ocr_line' id='line_1_14' title="bbox 179 1835 1317 1930; baseline -0.005 -24"><span class='ocrx_word' id='word_1_105' title='bbox 179 1843 273 1930; x_wconf 76' lang='grc' dir='ltr'><strong><em>τηγοί</em></strong></span> <span class='ocrx_word' id='word_1_106' title='bbox 296 1841 328 1908; x_wconf 78' lang='grc' dir='ltr'>οἱ</span> <span class='ocrx_word' id='word_1_107' title='bbox 343 1837 531 1930; x_wconf 76' lang='grc' dir='ltr'><strong><em>Ἀθηναίων</em></strong></span> <span class='ocrx_word' id='word_1_108' title='bbox 561 1839 648 1928; x_wconf 83' lang='grc' dir='ltr'><strong><em>πρὸς</em></strong></span> <span class='ocrx_word' id='word_1_109' title='bbox 670 1837 731 1918; x_wconf 86' lang='grc' dir='ltr'>τὰς</span> <span class='ocrx_word' id='word_1_110' title='bbox 758 1838 877 1917; x_wconf 80' lang='grc' dir='ltr'><strong><em>πόλεις</em></strong></span> <span class='ocrx_word' id='word_1_111' title='bbox 905 1838 995 1924; x_wconf 84' lang='grc' dir='ltr'><strong><em>τ[ὰ]ς</em></strong></span> <span class='ocrx_word' id='word_1_112' title='bbox 1018 1839 1054 1905; x_wconf 86' lang='grc' dir='ltr'>έν</span> <span class='ocrx_word' id='word_1_113' title='bbox 1077 1843 1153 1924; x_wconf 84' lang='grc' dir='ltr'>Κέῳ</span> <span class='ocrx_word' id='word_1_114' title='bbox 1177 1839 1257 1922; x_wconf 71' lang='lat' dir='ltr'>auli]</span> <span class='ocrx_word' id='word_1_115' title='bbox 1285 1835 1317 1901; x_wconf 90' lang='grc' dir='ltr'>οί</span> 
     </span>
     <span class='ocr_line' id='line_1_15' title="bbox 179 1939 1315 2029; baseline -0.005 -19"><span class='ocrx_word' id='word_1_116' title='bbox 179 1944 361 2029; x_wconf 83' lang='grc' dir='ltr'><strong><em>σύμμαχοι.</em></strong></span> <span class='ocrx_word' id='word_1_117' title='bbox 423 1942 629 2012; x_wconf 84' lang='lat' dir='ltr'>Manifestum</span> <span class='ocrx_word' id='word_1_118' title='bbox 675 1952 724 2010; x_wconf 90' lang='lat' dir='ltr'>est</span> <span class='ocrx_word' id='word_1_119' title='bbox 767 1941 828 2010; x_wconf 91' lang='lat' dir='ltr'>hoc</span> <span class='ocrx_word' id='word_1_120' title='bbox 870 1939 984 2010; x_wconf 82' lang='lat' dir='ltr'>foedus</span> <span class='ocrx_word' id='word_1_121' title='bbox 1022 1941 1315 2028; x_wconf 90' lang='lat' dir='ltr'>Selymbrianorum</span> 
     </span>
     <span class='ocr_line' id='line_1_16' title="bbox 177 2045 1313 2134; baseline -0.006 -19"><span class='ocrx_word' id='word_1_122' title='bbox 177 2049 319 2134; x_wconf 80' lang='lat' dir='ltr'>pactioni</span> <span class='ocrx_word' id='word_1_123' title='bbox 334 2047 411 2116; x_wconf 91' lang='lat' dir='ltr'>anui</span> <span class='ocrx_word' id='word_1_124' title='bbox 426 2047 476 2115; x_wconf 92' lang='lat' dir='ltr'>Ol.</span> <span class='ocrx_word' id='word_1_125' title='bbox 497 2051 549 2130; x_wconf 81' lang='lat'>92,</span> <span class='ocrx_word' id='word_1_126' title='bbox 569 2051 600 2130; x_wconf 76' lang='lat'>4,</span> <span class='ocrx_word' id='word_1_127' title='bbox 620 2047 661 2114; x_wconf 91' lang='lat' dir='ltr'>de</span> <span class='ocrx_word' id='word_1_128' title='bbox 684 2067 748 2132; x_wconf 90' lang='lat' dir='ltr'>qua</span> <span class='ocrx_word' id='word_1_129' title='bbox 768 2048 833 2113; x_wconf 92' lang='lat' dir='ltr'>iam</span> <span class='ocrx_word' id='word_1_130' title='bbox 856 2047 991 2131; x_wconf 83' lang='lat' dir='ltr'>egimus,</span> <span class='ocrx_word' id='word_1_131' title='bbox 1016 2045 1213 2114; x_wconf 86' lang='lat' dir='ltr'>simillimum</span> <span class='ocrx_word' id='word_1_132' title='bbox 1229 2061 1313 2111; x_wconf 90' lang='lat' dir='ltr'>esse.</span> 
     </span>
     <span class='ocr_line' id='line_1_17' title="bbox 180 2149 1316 2238; baseline -0.006 -18"><span class='ocrx_word' id='word_1_133' title='bbox 180 2151 223 2220; x_wconf 91' lang='lat' dir='ltr'>Ut</span> <span class='ocrx_word' id='word_1_134' title='bbox 246 2153 330 2220; x_wconf 90' lang='lat' dir='ltr'>enim</span> <span class='ocrx_word' id='word_1_135' title='bbox 352 2151 538 2219; x_wconf 83' lang='lat' dir='ltr'>Alcibiades</span> <span class='ocrx_word' id='word_1_136' title='bbox 566 2159 661 2238; x_wconf 87' lang='lat' dir='ltr'>capta</span> <span class='ocrx_word' id='word_1_137' title='bbox 688 2153 766 2218; x_wconf 89' lang='lat' dir='ltr'>urbe</span> <span class='ocrx_word' id='word_1_138' title='bbox 799 2151 913 2218; x_wconf 82' lang='lat' dir='ltr'>foedus</span> <span class='ocrx_word' id='word_1_139' title='bbox 940 2151 1024 2218; x_wconf 92' lang='lat' dir='ltr'>illud</span> <span class='ocrx_word' id='word_1_140' title='bbox 1052 2149 1129 2217; x_wconf 87' lang='lat' dir='ltr'>fecit</span> <span class='ocrx_word' id='word_1_141' title='bbox 1155 2149 1316 2216; x_wconf 88' lang='lat' dir='ltr'>iusiuran-</span> 
     </span>
     <span class='ocr_line' id='line_1_18' title="bbox 179 2253 1317 2342; baseline -0.004 -20"><span class='ocrx_word' id='word_1_142' title='bbox 179 2257 319 2341; x_wconf 93' lang='lat' dir='ltr'>dumque</span> <span class='ocrx_word' id='word_1_143' title='bbox 342 2253 470 2336; x_wconf 87' lang='lat' dir='ltr'>iuravit,</span> <span class='ocrx_word' id='word_1_144' title='bbox 496 2256 635 2342; x_wconf 91' lang='lat' dir='ltr'>populus</span> <span class='ocrx_word' id='word_1_145' title='bbox 658 2253 774 2322; x_wconf 90' lang='lat' dir='ltr'>deinde</span> <span class='ocrx_word' id='word_1_146' title='bbox 798 2263 1033 2322; x_wconf 87' lang='lat' dir='ltr'>sacramentum</span> <span class='ocrx_word' id='word_1_147' title='bbox 1056 2261 1088 2321; x_wconf 92' lang='lat' dir='ltr'>et</span> <span class='ocrx_word' id='word_1_148' title='bbox 1111 2253 1224 2322; x_wconf 89' lang='lat' dir='ltr'>foedus</span> <span class='ocrx_word' id='word_1_149' title='bbox 1247 2259 1317 2318; x_wconf 89' lang='lat' dir='ltr'>rata</span> 
     </span>
     <span class='ocr_line' id='line_1_19' title="bbox 176 2355 1315 2444; baseline -0.004 -18"><span class='ocrx_word' id='word_1_150' title='bbox 176 2359 262 2444; x_wconf 85' lang='lat' dir='ltr'>fecit,</span> <span class='ocrx_word' id='word_1_151' title='bbox 289 2361 336 2426; x_wconf 91' lang='lat' dir='ltr'>sio</span> <span class='ocrx_word' id='word_1_152' title='bbox 358 2379 441 2426; x_wconf 92' lang='lat' dir='ltr'>anno</span> <span class='ocrx_word' id='word_1_153' title='bbox 465 2361 563 2444; x_wconf 61' lang='lat' dir='ltr'>363st</span> <span class='ocrx_word' id='word_1_154' title='bbox 580 2359 738 2426; x_wconf 81' lang='lat' dir='ltr'>Chabrias</span> <span class='ocrx_word' id='word_1_155' title='bbox 760 2365 930 2444; x_wconf 84' lang='lat' dir='ltr'>postquam</span> <span class='ocrx_word' id='word_1_156' title='bbox 953 2379 1024 2425; x_wconf 92' lang='lat' dir='ltr'>cum</span> <span class='ocrx_word' id='word_1_157' title='bbox 1048 2360 1095 2425; x_wconf 86' lang='lat' dir='ltr'>eis</span> <span class='ocrx_word' id='word_1_158' title='bbox 1110 2355 1245 2426; x_wconf 78' lang='lat' dir='ltr'>Oeomm</span> <span class='ocrx_word' id='word_1_159' title='bbox 1261 2355 1315 2442; x_wconf 91' lang='lat' dir='ltr'>qui</span> 
     </span>
     <span class='ocr_line' id='line_1_20' title="bbox 177 2459 1315 2548; baseline -0.003 -19"><span class='ocrx_word' id='word_1_160' title='bbox 177 2463 422 2530; x_wconf 88' lang='lat' dir='ltr'>Atheniensium</span> <span class='ocrx_word' id='word_1_161' title='bbox 445 2470 555 2548; x_wconf 88' lang='lat' dir='ltr'>partes</span> <span class='ocrx_word' id='word_1_162' title='bbox 578 2464 794 2546; x_wconf 88' lang='lat' dir='ltr'>sequebantur</span> <span class='ocrx_word' id='word_1_163' title='bbox 813 2463 880 2546; x_wconf 80' lang='grc' dir='ltr'><strong><em>(καὶ</em></strong></span> <span class='ocrx_word' id='word_1_164' title='bbox 903 2461 935 2527; x_wconf 79' lang='grc' dir='ltr'>σί</span> <span class='ocrx_word' id='word_1_165' title='bbox 958 2459 1146 2545; x_wconf 77' lang='grc' dir='ltr'><strong><em>σύμμαχοιε</em></strong></span> <span class='ocrx_word' id='word_1_166' title='bbox 1172 2461 1213 2528; x_wconf 85' lang='lat' dir='ltr'>cl.</span> <span class='ocrx_word' id='word_1_167' title='bbox 1232 2462 1315 2527; x_wconf 88' lang='lat' dir='ltr'>Har-</span> 
     </span>
     <span class='ocr_line' id='line_1_21' title="bbox 177 2565 1316 2652; baseline -0.003 -19"><span class='ocrx_word' id='word_1_168' title='bbox 177 2567 233 2634; x_wconf 88' lang='lat' dir='ltr'>tel.</span> <span class='ocrx_word' id='word_1_169' title='bbox 259 2570 332 2632; x_wconf 77' lang='lat' dir='ltr'>Aa.</span> <span class='ocrx_word' id='word_1_170' title='bbox 351 2569 490 2632; x_wconf 73' lang='lat' dir='ltr'>Smotar.</span> <span class='ocrx_word' id='word_1_171' title='bbox 509 2569 560 2650; x_wconf 88' lang='grc'>91)</span> <span class='ocrx_word' id='word_1_172' title='bbox 581 2583 646 2650; x_wconf 83' lang='lat' dir='ltr'>eos,</span> <span class='ocrx_word' id='word_1_173' title='bbox 669 2567 724 2649; x_wconf 89' lang='lat' dir='ltr'>qui</span> <span class='ocrx_word' id='word_1_174' title='bbox 740 2565 934 2647; x_wconf 88' lang='lat' dir='ltr'>defecerant,</span> <span class='ocrx_word' id='word_1_175' title='bbox 955 2567 1125 2652; x_wconf 86' lang='lat' dir='ltr'>oppressit,</span> <span class='ocrx_word' id='word_1_176' title='bbox 1145 2581 1216 2632; x_wconf 89' lang='lat' dir='ltr'>cum</span> <span class='ocrx_word' id='word_1_177' title='bbox 1233 2565 1316 2631; x_wconf 74' lang='lat' dir='ltr'>Ceo</span> 
     </span>
     <span class='ocr_line' id='line_1_22' title="bbox 178 2667 1314 2758; baseline -0.001 -23"><span class='ocrx_word' id='word_1_178' title='bbox 178 2689 247 2735; x_wconf 92' lang='lat' dir='ltr'>rum</span> <span class='ocrx_word' id='word_1_179' title='bbox 271 2669 400 2736; x_wconf 85' lang='lat' dir='ltr'>civitate</span> <span class='ocrx_word' id='word_1_180' title='bbox 422 2675 536 2755; x_wconf 88' lang='lat' dir='ltr'>pactus</span> <span class='ocrx_word' id='word_1_181' title='bbox 559 2677 618 2735; x_wconf 88' lang='lat' dir='ltr'>est.</span> <span class='ocrx_word' id='word_1_182' title='bbox 650 2667 758 2748; x_wconf 84' lang='lat' dir='ltr'>Quare</span> <span class='ocrx_word' id='word_1_183' title='bbox 781 2675 813 2735; x_wconf 87' lang='lat' dir='ltr'>et</span> <span class='ocrx_word' id='word_1_184' title='bbox 828 2669 962 2753; x_wconf 85' lang='lat' dir='ltr'>strategi</span> <span class='ocrx_word' id='word_1_185' title='bbox 978 2668 1221 2758; x_wconf 86' lang='lat' dir='ltr'>Atheniensium</span> <span class='ocrx_word' id='word_1_186' title='bbox 1243 2669 1314 2750; x_wconf 80' lang='lat' dir='ltr'>(non</span> 
     </span>
     <span class='ocr_line' id='line_1_23' title="bbox 176 2771 1313 2853; baseline -0.003 -14"><span class='ocrx_word' id='word_1_187' title='bbox 176 2773 333 2840; x_wconf 80' lang='lat' dir='ltr'>Chabrias</span> <span class='ocrx_word' id='word_1_188' title='bbox 369 2773 474 2853; x_wconf 86' lang='lat' dir='ltr'>solus;</span> <span class='ocrx_word' id='word_1_189' title='bbox 508 2771 655 2839; x_wconf 89' lang='lat' dir='ltr'>similiter</span> <span class='ocrx_word' id='word_1_190' title='bbox 684 2771 721 2838; x_wconf 85' lang='lat' dir='ltr'>O.</span> <span class='ocrx_word' id='word_1_191' title='bbox 747 2771 773 2835; x_wconf 89' lang='lat'>1.</span> <span class='ocrx_word' id='word_1_192' title='bbox 799 2773 838 2838; x_wconf 92' lang='lat' dir='ltr'>A.</span> <span class='ocrx_word' id='word_1_193' title='bbox 864 2771 910 2836; x_wconf 90' lang='lat' dir='ltr'>IV</span> <span class='ocrx_word' id='word_1_194' title='bbox 936 2775 999 2837; x_wconf 82' lang='lat' dir='ltr'>lita</span> <span class='ocrx_word' id='word_1_195' title='bbox 1020 2771 1206 2838; x_wconf 86' lang='lat' dir='ltr'>Alcibiades</span> <span class='ocrx_word' id='word_1_196' title='bbox 1240 2791 1313 2838; x_wconf 90' lang='lat' dir='ltr'>cum</span> 
     </span>
     <span class='ocr_line' id='line_1_24' title="bbox 176 2875 1310 2961; baseline -0.004 -19"><span class='ocrx_word' id='word_1_197' title='bbox 176 2877 251 2943; x_wconf 89' lang='lat' dir='ltr'>aliis</span> <span class='ocrx_word' id='word_1_198' title='bbox 275 2877 434 2961; x_wconf 85' lang='lat' dir='ltr'>strategis]</span> <span class='ocrx_word' id='word_1_199' title='bbox 463 2883 496 2942; x_wconf 89' lang='lat' dir='ltr'>et</span> <span class='ocrx_word' id='word_1_200' title='bbox 516 2876 540 2940; x_wconf 91' lang='lat' dir='ltr'>ii</span> <span class='ocrx_word' id='word_1_201' title='bbox 563 2875 632 2958; x_wconf 83' lang='lat' dir='ltr'>cei,</span> <span class='ocrx_word' id='word_1_202' title='bbox 651 2875 706 2960; x_wconf 93' lang='lat' dir='ltr'>qui</span> <span class='ocrx_word' id='word_1_203' title='bbox 721 2875 972 2941; x_wconf 90' lang='lat' dir='ltr'>Atheniensibus</span> <span class='ocrx_word' id='word_1_204' title='bbox 995 2875 1176 2956; x_wconf 85' lang='lat' dir='ltr'>studebant,</span> <span class='ocrx_word' id='word_1_205' title='bbox 1195 2876 1310 2940; x_wconf 90' lang='lat' dir='ltr'>iurant.</span> 
     </span>
     <span class='ocr_line' id='line_1_25' title="bbox 83 2973 1317 3066; baseline -0.002 -22"><span class='ocrx_word' id='word_1_206' title='bbox 83 2973 86 2984; x_wconf 86' lang='lat'>&#39;</span> <span class='ocrx_word' id='word_1_207' title='bbox 177 2979 219 3045; x_wconf 87' lang='lat' dir='ltr'>Hi</span> <span class='ocrx_word' id='word_1_208' title='bbox 241 2981 340 3064; x_wconf 86' lang='lat' dir='ltr'>igitur</span> <span class='ocrx_word' id='word_1_209' title='bbox 362 2979 439 3046; x_wconf 91' lang='lat' dir='ltr'>socii</span> <span class='ocrx_word' id='word_1_210' title='bbox 461 2979 580 3046; x_wconf 89' lang='lat' dir='ltr'>diversi</span> <span class='ocrx_word' id='word_1_211' title='bbox 604 2985 679 3044; x_wconf 89' lang='lat' dir='ltr'>sunt</span> <span class='ocrx_word' id='word_1_212' title='bbox 700 2999 720 3044; x_wconf 90' lang='lat' dir='ltr'>a</span> <span class='ocrx_word' id='word_1_213' title='bbox 743 2980 899 3045; x_wconf 88' lang='lat' dir='ltr'>sociorum</span> <span class='ocrx_word' id='word_1_214' title='bbox 922 2977 1106 3066; x_wconf 72' lang='grc' dir='ltr'><strong><em>συνέδροις,</em></strong></span> <span class='ocrx_word' id='word_1_215' title='bbox 1131 2999 1210 3062; x_wconf 92' lang='lat' dir='ltr'>quos</span> <span class='ocrx_word' id='word_1_216' title='bbox 1226 2979 1258 3043; x_wconf 89' lang='grc' dir='ltr'>Π</span> <span class='ocrx_word' id='word_1_217' title='bbox 1274 2981 1317 3042; x_wconf 81' lang='grc'>49</span> 
     </span>
     <span class='ocr_line' id='line_1_26' title="bbox 176 3081 1314 3168; baseline -0.001 -21"><span class='ocrx_word' id='word_1_218' title='bbox 176 3083 299 3149; x_wconf 89' lang='lat' dir='ltr'>iurasse</span> <span class='ocrx_word' id='word_1_219' title='bbox 315 3083 462 3167; x_wconf 87' lang='lat' dir='ltr'>legimus.</span> <span class='ocrx_word' id='word_1_220' title='bbox 495 3081 591 3148; x_wconf 90' lang='lat' dir='ltr'>Porro</span> <span class='ocrx_word' id='word_1_221' title='bbox 607 3089 642 3148; x_wconf 90' lang='lat' dir='ltr'>ut</span> <span class='ocrx_word' id='word_1_222' title='bbox 655 3081 834 3148; x_wconf 88' lang='lat' dir='ltr'>Alcibiadis</span> <span class='ocrx_word' id='word_1_223' title='bbox 856 3081 964 3166; x_wconf 88' lang='lat' dir='ltr'>pactio</span> <span class='ocrx_word' id='word_1_224' title='bbox 986 3103 1006 3147; x_wconf 89' lang='lat' dir='ltr'>a</span> <span class='ocrx_word' id='word_1_225' title='bbox 1028 3083 1146 3168; x_wconf 91' lang='lat' dir='ltr'>populo</span> <span class='ocrx_word' id='word_1_226' title='bbox 1168 3082 1216 3147; x_wconf 89' lang='lat' dir='ltr'>ita</span> <span class='ocrx_word' id='word_1_227' title='bbox 1238 3101 1314 3148; x_wconf 88' lang='lat' dir='ltr'>con-</span> 
     </span>
     <span class='ocr_line' id='line_1_27' title="bbox 178 3178 1317 3270; baseline 0 -22"><span class='ocrx_word' id='word_1_228' title='bbox 178 3184 335 3268; x_wconf 84' lang='lat' dir='ltr'>firmatur,</span> <span class='ocrx_word' id='word_1_229' title='bbox 376 3193 411 3250; x_wconf 91' lang='lat' dir='ltr'>ut</span> <span class='ocrx_word' id='word_1_230' title='bbox 448 3185 637 3252; x_wconf 83' lang='lat' dir='ltr'>decernatur</span> <span class='ocrx_word' id='word_1_231' title='bbox 659 3187 856 3251; x_wconf 72' lang='grc' dir='ltr'><strong><em>καταθεῖναι</em></strong></span> <span class='ocrx_word' id='word_1_232' title='bbox 880 3183 1021 3268; x_wconf 62' lang='lat' dir='ltr'>&amp;palla</span> <span class='ocrx_word' id='word_1_233' title='bbox 1051 3178 1317 3270; x_wconf 81' lang='grc' dir='ltr'><strong><em>ἇναγράψαντσς</em></strong></span> 
     </span>
     <span class='ocr_line' id='line_1_28' title="bbox 175 3281 1315 3375; baseline 0.002 -26"><span class='ocrx_word' id='word_1_234' title='bbox 175 3284 253 3363; x_wconf 83' lang='grc' dir='ltr'><strong><em>τούς</em></strong></span> <span class='ocrx_word' id='word_1_235' title='bbox 275 3311 310 3352; x_wconf 84' lang='grc' dir='ltr'>τε</span> <span class='ocrx_word' id='word_1_236' title='bbox 334 3281 455 3373; x_wconf 83' lang='grc' dir='ltr'><strong><em>ὅρκους</em></strong></span> <span class='ocrx_word' id='word_1_237' title='bbox 478 3289 534 3352; x_wconf 84' lang='grc' dir='ltr'><strong><em>καὶ</em></strong></span> <span class='ocrx_word' id='word_1_238' title='bbox 557 3285 617 3365; x_wconf 85' lang='grc' dir='ltr'>τὰς</span> <span class='ocrx_word' id='word_1_239' title='bbox 640 3287 808 3375; x_wconf 79' lang='grc' dir='ltr'><strong><em>συνθήκας</em></strong></span> <span class='ocrx_word' id='word_1_240' title='bbox 831 3285 915 3370; x_wconf 84' lang='grc' dir='ltr'><strong><em>μετὰ</em></strong></span> <span class='ocrx_word' id='word_1_241' title='bbox 938 3293 999 3353; x_wconf 81' lang='grc' dir='ltr'>τοῦ</span> <span class='ocrx_word' id='word_1_242' title='bbox 1018 3291 1241 3374; x_wconf 76' lang='grc' dir='ltr'><strong><em>γραμματέως</em></strong></span> <span class='ocrx_word' id='word_1_243' title='bbox 1256 3293 1315 3374; x_wconf 76' lang='grc' dir='ltr'>τῆς</span> 
     </span>
     <span class='ocr_line' id='line_1_29' title="bbox 175 3391 1311 3477; baseline 0.002 -23"><span class='ocrx_word' id='word_1_244' title='bbox 175 3391 309 3476; x_wconf 75' lang='grc' dir='ltr'><strong><em>βουλῆς,</em></strong></span> <span class='ocrx_word' id='word_1_245' title='bbox 343 3391 457 3457; x_wconf 90' lang='lat' dir='ltr'>eadem</span> <span class='ocrx_word' id='word_1_246' title='bbox 488 3409 617 3477; x_wconf 91' lang='lat' dir='ltr'>prorsus</span> <span class='ocrx_word' id='word_1_247' title='bbox 640 3393 819 3458; x_wconf 87' lang='lat' dir='ltr'>rationein</span> <span class='ocrx_word' id='word_1_248' title='bbox 840 3399 948 3457; x_wconf 78' lang='lat' dir='ltr'>nosho</span> <span class='ocrx_word' id='word_1_249' title='bbox 971 3392 1081 3476; x_wconf 90' lang='lat' dir='ltr'>lapide</span> <span class='ocrx_word' id='word_1_250' title='bbox 1108 3395 1149 3476; x_wconf 79' lang='lat' dir='ltr'>(v.</span> <span class='ocrx_word' id='word_1_251' title='bbox 1172 3396 1210 3455; x_wconf 88' lang='grc'>17</span> <span class='ocrx_word' id='word_1_252' title='bbox 1227 3397 1311 3476; x_wconf 78' lang='lat' dir='ltr'>sqq.)</span> 
     </span>
     <span class='ocr_line' id='line_1_30' title="bbox 177 3495 1318 3581; baseline 0 -21"><span class='ocrx_word' id='word_1_253' title='bbox 177 3501 209 3560; x_wconf 89' lang='lat' dir='ltr'>et</span> <span class='ocrx_word' id='word_1_254' title='bbox 230 3495 363 3578; x_wconf 87' lang='lat' dir='ltr'>strategi</span> <span class='ocrx_word' id='word_1_255' title='bbox 387 3495 573 3561; x_wconf 79' lang='lat' dir='ltr'>ltdietarum</span> <span class='ocrx_word' id='word_1_256' title='bbox 604 3502 636 3561; x_wconf 89' lang='lat' dir='ltr'>et</span> <span class='ocrx_word' id='word_1_257' title='bbox 663 3495 768 3562; x_wconf 89' lang='lat' dir='ltr'>scriba</span> <span class='ocrx_word' id='word_1_258' title='bbox 797 3502 929 3562; x_wconf 87' lang='lat' dir='ltr'>senatus</span> <span class='ocrx_word' id='word_1_259' title='bbox 950 3495 1126 3562; x_wconf 91' lang='lat' dir='ltr'>inscribere</span> <span class='ocrx_word' id='word_1_260' title='bbox 1149 3495 1318 3581; x_wconf 78' lang='lat' dir='ltr'>pachorus</span> 
     </span>
     <span class='ocr_line' id='line_1_31' title="bbox 176 3591 1317 3684; baseline 0.001 -23"><span class='ocrx_word' id='word_1_261' title='bbox 176 3597 336 3680; x_wconf 85' lang='lat' dir='ltr'>iubentur,</span> <span class='ocrx_word' id='word_1_262' title='bbox 364 3591 458 3674; x_wconf 77' lang='grc' dir='ltr'><strong><em>ὅπως</em></strong></span> <span class='ocrx_word' id='word_1_263' title='bbox 482 3592 523 3664; x_wconf 78' lang='grc' dir='ltr'>ἂν</span> <span class='ocrx_word' id='word_1_264' title='bbox 546 3598 603 3662; x_wconf 85' lang='grc' dir='ltr'><strong><em>καὶ</em></strong></span> <span class='ocrx_word' id='word_1_265' title='bbox 626 3596 658 3663; x_wconf 85' lang='grc' dir='ltr'>σί</span> <span class='ocrx_word' id='word_1_266' title='bbox 681 3592 775 3684; x_wconf 75' lang='grc' dir='ltr'><strong><em>ὅρκοι</em></strong></span> <span class='ocrx_word' id='word_1_267' title='bbox 797 3599 855 3662; x_wconf 78' lang='grc' dir='ltr'><strong><em>καί</em></strong></span> <span class='ocrx_word' id='word_1_268' title='bbox 870 3596 907 3662; x_wconf 83' lang='grc' dir='ltr'><strong><em>αἱ</em></strong></span> <span class='ocrx_word' id='word_1_269' title='bbox 922 3599 1086 3684; x_wconf 77' lang='grc' dir='ltr'><strong><em>συνθῆκαι</em></strong></span> <span class='ocrx_word' id='word_1_270' title='bbox 1102 3595 1142 3675; x_wconf 79' lang='grc' dir='ltr'>ἃς</span> <span class='ocrx_word' id='word_1_271' title='bbox 1158 3598 1317 3665; x_wconf 77' lang='grc' dir='ltr'><strong><em>συνέθετο</em></strong></span> 
     </span>
     <span class='ocr_line' id='line_1_32' title="bbox 176 3693 1315 3788; baseline -0.001 -24"><span class='ocrx_word' id='word_1_272' title='bbox 176 3703 333 3786; x_wconf 78' lang='grc' dir='ltr'><strong><em>Χαβρίας</em></strong></span> <span class='ocrx_word' id='word_1_273' title='bbox 358 3694 375 3764; x_wconf 79' lang='grc' dir='ltr'><strong>ὁ</strong></span> <span class='ocrx_word' id='word_1_274' title='bbox 400 3699 585 3788; x_wconf 76' lang='grc' dir='ltr'><strong><em>στρατηγὸς</em></strong></span> <span class='ocrx_word' id='word_1_275' title='bbox 608 3702 665 3765; x_wconf 84' lang='grc' dir='ltr'><strong><em>καί</em></strong></span> <span class='ocrx_word' id='word_1_276' title='bbox 687 3699 797 3785; x_wconf 83' lang='grc' dir='ltr'><strong><em>ὤμοσε</em></strong></span> <span class='ocrx_word' id='word_1_277' title='bbox 821 3705 936 3776; x_wconf 79' lang='grc' dir='ltr'><strong><em>Κείοις</em></strong></span> <span class='ocrx_word' id='word_1_278' title='bbox 958 3693 1047 3786; x_wconf 79' lang='grc' dir='ltr'><strong><em>ὑπὲρ</em></strong></span> <span class='ocrx_word' id='word_1_279' title='bbox 1062 3695 1269 3788; x_wconf 80' lang='grc' dir='ltr'><strong><em>Ἀθηναίων.</em></strong></span> <span class='ocrx_word' id='word_1_280' title='bbox 1285 3751 1315 3763; x_wconf 94' lang='grc'>..</span> 
     </span>
     <span class='ocr_line' id='line_1_33' title="bbox 176 3792 380 3890; baseline -0.005 -22"><span class='ocrx_word' id='word_1_281' title='bbox 176 3801 290 3890; x_wconf 82' lang='grc' dir='ltr'><strong><em>κύριαι</em></strong></span> <span class='ocrx_word' id='word_1_282' title='bbox 309 3792 380 3869; x_wconf 80' lang='grc' dir='ltr'><strong><em>ὦσι.</em></strong></span> 
     </span>
    </p>

    <p class='ocr_par' dir='ltr' id='par_1_6' title="bbox 173 3905 1319 4404">
     <span class='ocr_line' id='line_1_34' title="bbox 261 3905 1318 3993; baseline 0.003 -23"><span class='ocrx_word' id='word_1_283' title='bbox 261 3906 394 3973; x_wconf 88' lang='lat' dir='ltr'>Duobus</span> <span class='ocrx_word' id='word_1_284' title='bbox 416 3907 510 3974; x_wconf 88' lang='lat' dir='ltr'>annis</span> <span class='ocrx_word' id='word_1_285' title='bbox 532 3914 605 3993; x_wconf 89' lang='lat' dir='ltr'>post</span> <span class='ocrx_word' id='word_1_286' title='bbox 627 3923 699 3973; x_wconf 89' lang='lat' dir='ltr'>eum</span> <span class='ocrx_word' id='word_1_287' title='bbox 722 3907 891 3974; x_wconf 84' lang='lat' dir='ltr'>Thessalis</span> <span class='ocrx_word' id='word_1_288' title='bbox 913 3905 1028 3973; x_wconf 85' lang='lat' dir='ltr'>foedus</span> <span class='ocrx_word' id='word_1_289' title='bbox 1051 3906 1169 3973; x_wconf 86' lang='lat' dir='ltr'>iactum</span> <span class='ocrx_word' id='word_1_290' title='bbox 1193 3913 1253 3988; x_wconf 84' lang='lat' dir='ltr'>est,</span> <span class='ocrx_word' id='word_1_291' title='bbox 1276 3907 1318 3974; x_wconf 88' lang='lat' dir='ltr'>de</span> 
     </span>
     <span class='ocr_line' id='line_1_35' title="bbox 175 4009 1313 4095; baseline -0.004 -19"><span class='ocrx_word' id='word_1_292' title='bbox 175 4031 239 4093; x_wconf 93' lang='lat' dir='ltr'>quo</span> <span class='ocrx_word' id='word_1_293' title='bbox 264 4029 362 4095; x_wconf 88' lang='lat' dir='ltr'>supra</span> <span class='ocrx_word' id='word_1_294' title='bbox 390 4011 455 4076; x_wconf 91' lang='lat' dir='ltr'>iam</span> <span class='ocrx_word' id='word_1_295' title='bbox 484 4009 625 4076; x_wconf 82' lang='lat' dir='ltr'>diximus</span> <span class='ocrx_word' id='word_1_296' title='bbox 658 4009 819 4094; x_wconf 76' lang='lat' dir='ltr'>(dlittheil.</span> <span class='ocrx_word' id='word_1_297' title='bbox 845 4011 990 4094; x_wconf 81' lang='lat'><strong>11201).</strong></span> <span class='ocrx_word' id='word_1_298' title='bbox 1031 4009 1094 4076; x_wconf 91' lang='lat' dir='ltr'>Ubi</span> <span class='ocrx_word' id='word_1_299' title='bbox 1120 4031 1151 4076; x_wconf 84' lang='lat' dir='ltr'>v.</span> <span class='ocrx_word' id='word_1_300' title='bbox 1181 4016 1218 4075; x_wconf 81' lang='lat'>14</span> <span class='ocrx_word' id='word_1_301' title='bbox 1244 4029 1313 4094; x_wconf 89' lang='lat' dir='ltr'>sqq.</span> 
     </span>
     <span class='ocr_line' id='line_1_36' title="bbox 174 4107 1317 4201; baseline 0 -23"><span class='ocrx_word' id='word_1_302' title='bbox 174 4114 207 4178; x_wconf 91' lang='lat' dir='ltr'>in</span> <span class='ocrx_word' id='word_1_303' title='bbox 230 4115 330 4181; x_wconf 91' lang='lat' dir='ltr'>verba</span> <span class='ocrx_word' id='word_1_304' title='bbox 351 4113 490 4181; x_wconf 84' lang='lat' dir='ltr'>foederis</span> <span class='ocrx_word' id='word_1_305' title='bbox 515 4107 639 4196; x_wconf 85' lang='grc' dir='ltr'><strong><em>ὀμόσαι</em></strong></span> <span class='ocrx_word' id='word_1_306' title='bbox 654 4107 872 4200; x_wconf 54' lang='grc' dir='ltr'><strong><em>Ἀθημαίων</em></strong></span> <span class='ocrx_word' id='word_1_307' title='bbox 894 4111 1057 4198; x_wconf 75' lang='grc' dir='ltr'><strong><em>μὲντοὺς</em></strong></span> <span class='ocrx_word' id='word_1_308' title='bbox 1080 4111 1317 4201; x_wconf 80' lang='grc' dir='ltr'><strong><em>στρ[αιη]γοὺς</em></strong></span> 
     </span>
     <span class='ocr_line' id='line_1_37' title="bbox 175 4213 1319 4306; baseline 0.003 -24"><span class='ocrx_word' id='word_1_309' title='bbox 175 4219 232 4282; x_wconf 80' lang='grc' dir='ltr'><strong><em>καί</em></strong></span> <span class='ocrx_word' id='word_1_310' title='bbox 254 4216 344 4305; x_wconf 61' lang='lat' dir='ltr'>offilo</span> <span class='ocrx_word' id='word_1_311' title='bbox 365 4217 491 4306; x_wconf 76' lang='grc' dir='ltr'><strong><em>βουλὴν</em></strong></span> <span class='ocrx_word' id='word_1_312' title='bbox 513 4219 570 4283; x_wconf 82' lang='grc' dir='ltr'><strong><em>καί</em></strong></span> <span class='ocrx_word' id='word_1_313' title='bbox 592 4217 671 4294; x_wconf 85' lang='grc' dir='ltr'><strong><em>τοὺς</em></strong></span> <span class='ocrx_word' id='word_1_314' title='bbox 694 4215 892 4304; x_wconf 75' lang='grc' dir='ltr'><strong><em>ἱππάρχους</em></strong></span> <span class='ocrx_word' id='word_1_315' title='bbox 913 4218 969 4282; x_wconf 79' lang='grc' dir='ltr'><strong><em>καί</em></strong></span> <span class='ocrx_word' id='word_1_316' title='bbox 986 4213 1065 4294; x_wconf 80' lang='grc' dir='ltr'><strong><em>τοὺς</em></strong></span> <span class='ocrx_word' id='word_1_317' title='bbox 1081 4213 1241 4304; x_wconf 59' lang='lat' dir='ltr'>{nuileio</span> <span class='ocrx_word' id='word_1_318' title='bbox 1258 4239 1319 4304; x_wconf 87' lang='lat' dir='ltr'>po-</span> 
     </span>
     <span class='ocr_line' id='line_1_38' title="bbox 173 4321 445 4404; baseline 0 -18"><span class='ocrx_word' id='word_1_319' title='bbox 173 4321 269 4404; x_wconf 90' lang='lat' dir='ltr'>pulus</span> <span class='ocrx_word' id='word_1_320' title='bbox 292 4323 445 4388; x_wconf 87' lang='lat' dir='ltr'>deceruit.</span> 
     </span>
    </p>
   </div>
   <div class='ocr_carea' id='block_1_4' title="bbox 0 0 1642 4934">
    <p class='ocr_par' dir='ltr' id='par_1_7' title="bbox 0 0 1642 4934">
     <span class='ocr_line' id='line_1_39' title="bbox 0 0 1642 4934; baseline 0 1"><span class='ocrx_word' id='word_1_321' title='bbox 0 0 1642 4934; x_wconf 95' lang='lat' dir='ltr'> </span> 
     </span>
    </p>
   </div>
  </div>
 </body>
</html>
