3226 4932
618 455 659 464 -
708 419 792 500 [aar]
839 453 882 464 -
1277 424 1318 484 55

181 609 318 675 alterum
339 627 438 672 unum
455 608 522 694 ¹(ep.
540 608 585 688 t),
611 607 748 672 alterum
771 606 850 672 duos
871 609 933 692 (ep.
952 612 982 689 l,
1003 609 1032 691 7)
1060 607 1165 674 exitus
1191 607 1320 674 femini-

182 730 239 776 nos
272 711 430 792 continet,
468 709 523 793 qui
557 716 738 776 constanter
769 709 804 775 in
836 710 967 794 longam
996 711 1158 796 syllabam
1188 720 1317 779 exeunt.

181 816 324 900 Apparet
345 812 444 897 igitur
465 811 498 876 in
521 811 660 878 exitibus
679 812 842 879 femininis
856 812 940 878 illud
954 813 1123 880 artificium
1139 814 1245 881 exitus
1259 815 1320 881 im-

181 915 315 1003 perfecti
336 914 501 982 rarissime
532 915 738 998 (oarminibus
761 915 877 998 quibus
900 914 1062 982 admissus
1084 924 1151 1000 est,
1185 916 1212 984 0
1233 918 1266 983 11
1289 925 1321 984 et

181 1020 201 1086 I
224 1020 313 1102 VIII,
340 1039 380 1085 ea
401 1037 526 1103 quoquc
549 1017 758 1102 singularitas
781 1019 957 1084 communis
981 1025 1046 1102 est,
1072 1020 1158 1103 quod
1180 1041 1320 1106 paeones

182 1122 343 1190 admixtos
358 1122 480 1188 hahent
493 1120 668 1204 logaocdis)
696 1121 730 1186 in
753 1123 841 1188 exitu
863 1121 1016 1189 feminino
1039 1123 1217 1190 adhibitum
1233 1143 1317 1190 esse.

181 1226 281 1292 Cuius
310 1225 358 1290 rei
384 1243 483 1289 causa
511 1243 552 1288 cx
581 1224 722 1309 rhythmi
748 1232 862 1290 natura
883 1245 947 1291 non
969 1225 1184 1310 intellegitur,
1218 1227 1246 1292 si
1269 1229 1319 1293 ul-

179 1329 289 1394 timam
319 1327 477 1412 syllabam
509 1327 596 1392 arsin
625 1345 698 1392 csse
727 1335 895 1413 putamus3
929 1349 1003 1394 nam
1029 1335 1094 1395 tum
1118 1329 1152 1395 in
1174 1330 1320 1395 omnibus

180 1431 339 1516 rhythmis
367 1429 496 1514 generis
526 1430 657 1516 diplasii
686 1431 815 1496 brevem
844 1431 1003 1516 syllabam
1031 1432 1065 1496 in
1099 1433 1176 1499 sede
1209 1452 1319 1499 arseos

181 1533 313 1599 ultimae
336 1541 579 1618 expectaremus
601 1533 778 1618 legitimam
802 1553 884 1616 esse,
912 1534 995 1600 sicut
1015 1535 1115 1618 longa
1136 1535 1250 1602 ultima
1271 1536 1319 1601 lc-

180 1636 294 1720 gitima
316 1644 380 1718 est,
414 1635 443 1702 si
470 1655 583 1702 versus
606 1636 727 1702 onitin
750 1636 868 1703 thesin.
915 1637 1005 1704 Haec
1026 1637 1202 1704 difficultas
1224 1637 1319 1704 aliter

180 1739 261 1806 solvi
290 1761 353 1806 non
383 1747 488 1825 potest
509 1739 572 1806 nisi
593 1740 714 1806 exitum
736 1738 924 1805 femininum
947 1759 1112 1806 sumamus
1134 1740 1318 1826 rhythmum

180 1842 300 1908 habere
323 1863 407 1926 oum,
434 1849 469 1908 ut
490 1843 689 1928 paenultima
710 1843 839 1928 syllaba
860 1843 996 1909 artificio
1019 1849 1118 1930 τονῆς
1140 1863 1238 1908 unum
1260 1864 1318 1928 pe-

180 1945 252 2011 dem
275 1953 376 2012 totum
400 1946 540 2031 expleat,
565 1946 679 2012 ultima
700 1967 775 2012 vcro
798 1947 927 2065 syllaba
948 1947 1055 2013 thesin
1078 1946 1207 2026 efficiat,

804 2052 814 2082 1

782 2085 881 2120 1,--

181 2169 284 2247 Quam
319 2169 496 2235 clausulam
530 2170 630 2236 multo
663 2169 769 2253 magis
802 2170 964 2255 placidam
999 2178 1030 2236 et
1066 2171 1206 2253 quietum
1246 2189 1317 2235 esse

178 2293 273 2355 quam
296 2273 507 2338 masculinam

185 2493 268 2577 (ideo
290 2493 446 2561 feminina
467 2495 501 2560 in
523 2495 586 2561 fine
609 2496 748 2562 maxime
771 2497 972 2582 stropharum
995 2497 1129 2581 ponitur)
1164 2504 1196 2562 et
1218 2497 1317 2561 multo

179 2599 284 2663 minus
306 2596 365 2663 illa
387 2598 517 2664 citatum
539 2598 630 2664 illum
654 2599 773 2664 exitum
795 2599 1019 2685 imperfectum
1042 2599 1126 2665 ferre
1149 2600 1265 2665 elucet.

265 2700 414 2766 Secunda
444 2707 551 2767 autem
581 2701 767 2786 quaestione
796 2722 926 2787 prorsus
955 2703 1084 2769 diversa
1116 2701 1316 2786 disquirendi

178 2805 232 2868 via
253 2805 415 2888 progressi
438 2804 573 2871 eandem
591 2825 772 2872 mensnram
789 2805 932 2872 exituum
949 2806 1170 2872 femininorum
1187 2806 1220 2870 in
1236 2813 1317 2870 stro-

178 2907 250 2990 phis
272 2906 390 2973 doricis
411 2906 630 2992 probabimus.
