3248 4928
654 398 691 404 --
743 361 827 442 [sus]
1312 355 1350 418 οι

215 549 355 634 egyricis
377 569 476 634 snpra
498 569 529 633 p.
556 551 596 614 84
619 548 766 634 exposui.
812 549 899 616 Iusto
925 547 1103 614 breviorem
1127 545 1210 612 hanc
1232 542 1353 610 Suidae

216 656 357 739 glossam
380 659 469 739 patet
490 651 593 718 visam
616 671 689 720 esse
711 651 843 718 iulsario
864 653 898 719 in
913 650 1141 738 locupletanda
1155 649 1352 725 Graecarum

216 759 394 826 litterarum
416 755 551 822 historia
572 757 703 841 egregie
726 762 865 824 versuto.

302 862 352 928 De
373 860 533 928 Nicanore
560 862 602 946 (p.
622 862 694 944 311)
721 859 795 927 vide
818 880 917 946 supra
939 881 972 946 p.
993 863 1045 925 76.

302 967 338 1032 Ρ.
364 968 426 1030 355
450 965 530 1050 περὶ
545 961 769 1048 Ποτάμωνος.
795 961 889 1032 πάνυ
904 968 1111 1047 θαυμαστῶς
1126 960 1273 1046 adiungit
1285 960 1353 1026 Eu-

216 1069 319 1152 docia,
345 1075 381 1135 ut
402 1057 592 1154 saepissime
614 1068 649 1134 in
670 1068 815 1135 violaris.

301 1173 337 1238 P.
365 1176 426 1238 356
450 1173 530 1264 rusci
545 1177 757 1260 Προκοπίου.
789 1169 953 1257 Περσικὰ,
976 1176 1006 1236 Γ
1004 1167 1129 1238 cadurci
1151 1170 1185 1236 in
1208 1170 1272 1236 fine
1293 1170 1353 1236 ed·

217 1277 265 1342 dit
285 1274 429 1342 Eudocia
451 1275 531 1342 setis
554 1276 675 1363 inepte,
701 1295 772 1342 cum
795 1282 870 1342 ante
892 1295 911 1342 e
930 1274 1032 1340 Suida
1053 1273 1219 1342 historiam
1235 1273 1353 1339 Roma-

216 1399 306 1462 nam,
339 1379 429 1446 cuius
458 1386 568 1464 partes
594 1385 669 1446 sunt
689 1379 822 1446 Persica
843 1385 876 1445 et
897 1377 1053 1462 Gothico,
1086 1375 1349 1444 commemorarit.

216 1483 281 1550 Sed
302 1489 412 1550 notum
435 1483 536 1552 fuisse
559 1483 692 1550 falsario
707 1483 895 1569 Procopium
918 1481 994 1549 inde
1016 1481 1181 1548 discimus.
1221 1480 1262 1546 nt
1278 1500 1352 1566 pre

214 1587 275 1654 diit
297 1587 412 1653 Latine
434 1587 606 1673 Procopius
630 1587 671 1654 ds
693 1589 789 1654 rehus
812 1587 988 1654 Gothorum
1011 1587 1180 1652 Persarum
1202 1605 1242 1652 ao
1264 1585 1351 1650 Van·

214 1690 358 1757 dolorum
382 1709 453 1756 cum
476 1690 550 1756 aliis
572 1690 747 1758 mediorum
769 1697 948 1776 temporum
971 1688 1130 1758 historicis
1146 1688 1247 1754 Basil.
1269 1691 1347 1754 1531

215 1815 255 1860 ex
278 1795 332 1860 off.
357 1793 523 1878 Horvagii.

301 1899 336 1963 P.
363 1901 426 1964 359
450 1899 530 1986 περὶ
544 1895 756 1985 Πολυζῆλου.
789 1892 913 1984 Ἄρειος
927 1901 1027 1984 γοναί
1048 1896 1092 1962 ed
1107 1895 1351 1963 similitudinem

215 2002 409 2086 reliquorum
431 2001 595 2068 titulorum
617 2022 637 2068 e
659 2001 761 2068 Suida
782 2007 981 2086 sumptorum
1004 2001 1096 2068 fiuxit
1117 2000 1281 2068 falsarius.

302 2107 337 2172 P.
364 2110 427 2172 360
450 2107 530 2193 περί
544 2106 742 2192 Παμφίλης.
779 2103 972 2193 φιλόσοφος
986 2106 1043 2170 καί
1059 2103 1207 2192 λστορικῆ
1230 2103 1270 2171 de
1293 2123 1351 2170 suo

215 2210 306 2276 addit
327 2209 491 2292 falsarius,
516 2231 579 2276 non
601 2210 634 2276 in
655 2209 788 2277 meliore
810 2211 898 2276 fonte
919 2210 1059 2288 invenit;
1085 2230 1159 2276 nam
1181 2211 1279 2295 paulo
1301 2209 1352 2276 in-

216 2314 266 2380 fru
287 2333 359 2380 cum
383 2314 460 2380 solis
475 2315 636 2381 veteribus
652 2313 845 2382 editionibus
861 2312 898 2380 ἐν
912 2321 951 2400 τῇ
967 2312 994 2378 λ’
1012 2321 1070 2401 τῆς
1083 2320 1245 2400 μουσικῆς
1262 2311 1352 2378 ἱστο-

216 2421 286 2503 ρίᾳ
314 2417 440 2501 scribit,
477 2437 548 2484 cum
578 2418 612 2484 in
641 2417 762 2485 Suidee
792 2418 883 2484 libris
913 2416 950 2485 ίυ
977 2424 1017 2503 τῆ
1046 2415 1073 2482 λ’
1104 2424 1162 2505 τῆς
1190 2423 1352 2504 μουσικῆς

218 2521 393 2608 ἱστορίας
421 2527 519 2588 extet.

303 2625 339 2690 P.
366 2629 428 2690 362
462 2627 541 2712 περί
574 2632 635 2692 τοῦ
667 2625 901 2712 Πλουτάρχου.
949 2625 1079 2712 ἔγραψε
1113 2623 1226 2692 πολλά
1258 2625 1349 2690 Suid.

216 2729 312 2812 Eud,
339 2719 386 2796 ὧν
406 2727 449 2794 τὰ
471 2731 578 2796 πλείω
601 2724 662 2813 οὐχ
685 2723 875 2817 εὑρίσκεται
897 2730 1002 2798 futtile
1015 2729 1268 2797 additamentum
1285 2729 1353 2796 Eu-

215 2833 328 2900 duciae
350 2839 410 2900 est.

303 2938 340 3002 P.
367 2939 428 3002 364
459 2937 539 3022 περὶ
561 2942 621 3002 τοῦ
642 2939 857 3023 Πορφυρίσυ.
890 2933 984 3015 ἔδοξε
1013 2936 1050 3001 dd
1078 2930 1164 3002 οὕτω
1187 2939 1352 3026 μετακλῆ-

217 3046 324 3127 θῆναι
348 3033 367 3126 ἢ
390 3032 460 3106 ἀπὸ
484 3047 545 3106 τοῦ
566 3041 732 3122 βασιλέως
756 3033 844 3107 eluar
865 3036 926 3128 τῆυ
948 3037 1143 3127 πορφύραν,
1169 3033 1276 3127 ἢᾶπὸ
1293 3049 1353 3108 τοῦ

217 3147 417 3230 πορφυρίσι]
446 3137 681 3227 ὀνομάζεσθαι
705 3139 765 3230 τὴν
789 3141 902 3228 Τύρου
923 3141 1027 3229 τύχην
1061 3143 1116 3226 (ira
1138 3143 1239 3210 codex
1262 3144 1353 3210 Peri-

216 3249 306 3314 rinus
320 3246 508 3333 Eudooiae).
549 3249 638 3316 Haec
659 3248 725 3314 ulio
748 3268 766 3314 e
781 3247 869 3314 iente
884 3247 988 3316 accitu
1002 3265 1076 3314 esse
1091 3267 1112 3312 u
1126 3247 1259 3312 falsarie
1274 3247 1351 3314 mihi

215 3369 402 3437 persuasum
432 3357 499 3434 est,
532 3371 726 3435 quamquam
756 3351 841 3418 uude
864 3350 943 3434 sint,
977 3351 1095 3417 frustra
1118 3350 1349 3438 circumspicio.

216 3455 354 3538 Reliqua
376 3453 484 3521 omniu
497 3453 617 3520 Suidse
633 3454 800 3537 debentur,
826 3453 886 3520 sed
907 3453 1019 3521 ordine
1040 3454 1204 3520 dtulounu
1226 3455 1352 3522 turbato

216 3565 248 3625 et
262 3557 390 3624 omissis
405 3557 609 3640 quibusdem.
648 3559 731 3624 Tum
754 3558 835 3644 περὶ
855 3561 974 3643 γένους
995 3558 1053 3623 καὶ
1075 3557 1185 3636 ι’ίδους
1207 3559 1264 3624 καί
1279 3559 1353 3625 dru-

217 3667 327 3746 φορᾰς
349 3661 406 3726 καὶ
429 3660 517 3727 ίδίου
539 3661 596 3726 καὶ
619 3659 870 3748 συμβεβηκότος
892 3662 998 3744 Suid,
1025 3658 1086 3738 τὰς
1101 3663 1311 3747 καλουμένας
1326 3661 1350 3730 e'

216 3760 335 3851 φοιτὰς
362 3771 421 3850 τῆς
446 3758 697 3851 Ἀριστοτέλους
725 3764 859 3849 λογικῆς
886 3770 1120 3850 πραγματείας
1148 3765 1353 3849 μεθοδικοὺς

215 3864 402 3953 εἰσαγωγάς
431 3867 514 3934 Eud.
567 3868 661 3934 Unde
691 3874 780 3954 petet
808 3868 893 3936 hunc
922 3869 1089 3955 Porphyrii
1119 3870 1235 3938 librum
1265 3871 1352 3938 huud

215 3973 360 4057 ignotum
391 3971 492 4039 fuisse
520 3971 663 4040 falsario.
713 3971 776 4052 Qui
804 3973 887 4041 hher
917 3974 1054 4059 primum
1084 3973 1207 4041 Graece
1237 3975 1355 4060 prodiit

216 4099 247 4143 e.
277 4079 358 4141 1195
388 4096 453 4144 unu
479 4097 550 4144 cum
573 4077 758 4144 Aristotelis
787 4078 878 4146 libris
907 4077 1039 4161 logicis;
1073 4085 1105 4146 et
1126 4079 1292 4146 Gesnerus
1320 4081 1353 4146 in

215 4179 294 4246 hihl.
319 4179 495 4246 universali
517 4181 598 4247 haec
618 4181 741 4246 scribit:
768 4181 958 4267 »Porphyrii
973 4181 1107 4267 isagoge
1123 4183 1155 4250 in
1170 4183 1353 4252 Aristotelis

216 4303 361 4372 organon
385 4303 411 4352 s.
438 4283 479 4350 de
493 4285 635 4373 quinque
651 4285 782 4356 vocibus
798 4286 915 4374 ubique
930 4285 1111 4376 Aristotelis
1126 4307 1245 4375 organo
1260 4309 1355 4378 prae-
