3226 4932
283 353 324 416 ω
722 389 761 398 -
809 353 894 438 [274]
941 392 985 401 -

282 545 463 626 discerptae
485 543 526 607 ab
548 540 695 608 auditore
716 541 864 626 intellegi
885 561 949 608 non
971 543 1161 630 potuissent.
1199 543 1283 609 Nam
1306 551 1342 610 ut
1365 565 1426 610 ex-

282 647 388 733 emplo
410 653 536 712 utamur
558 643 584 712 0
607 645 655 709 IX
676 646 736 728 28,
762 645 851 729 quis,
877 667 949 713 cum
973 647 1095 733 epodus
1117 647 1222 732 prima
1243 654 1339 714 exeat
1361 648 1425 714 hoc

281 751 392 818 modo:

414 865 520 918 κεῖναι
542 849 606 936 γὰρ
630 846 773 918 ὤπασαν
795 850 837 916 τὰ
858 847 999 938 τέρπν’·
1026 847 1153 937 ἀγαθοὶ
1178 853 1215 918 δὲ·
1237 855 1292 918 καὶ
1316 855 1423 939 σοφοὶ

693 952 779 1019 κατὰ
802 949 938 1038 δαίμον’
965 949 1084 1042 ἄνδρες

282 1061 467 1147 praedicato
489 1058 532 1123 ad
556 1053 674 1142 ἄνδρες
700 1059 930 1125 nominativum
952 1079 1015 1126 non
1038 1059 1164 1140 addito,
1199 1059 1226 1124 si
1255 1065 1329 1124 ante
1357 1060 1423 1124 ini-

281 1167 359 1231 tium
382 1161 567 1248 systematis
590 1161 736 1228 secundi:

613 1260 759 1350 ἐγένοντ’
785 1263 861 1331 ἐπεὶ
884 1261 1000 1332 ἅντιον
1025 1317 1031 1330 .
1054 1315 1060 1328 .
1083 1318 1089 1329 .

281 1372 513 1459 praelusissent
534 1369 745 1436 instrumenta
767 1371 906 1451 musica,
937 1378 1052 1456 poetae
1075 1371 1266 1437 sententiam
1288 1371 1422 1436 intelle-

280 1495 356 1562 gere
378 1474 502 1559 potuitl
1232 1529 1234 1534 ,

367 1577 612 1644 Praecentiones
640 1584 747 1643 autem
772 1578 1052 1644 instrumentorum
1074 1585 1150 1644 ante
1171 1585 1298 1644 cantum
1323 1597 1420 1643 voca-

281 1685 345 1749 lem
368 1680 470 1746 factas
492 1699 565 1746 essa
589 1679 667 1744 satis
690 1680 855 1764 probabile
878 1689 936 1762 est,
964 1681 1100 1746 sedeas
1117 1681 1218 1746 artius
1233 1680 1420 1746 cohaesisse

280 1807 352 1854 cum
382 1791 478 1850 cantu
500 1783 546 1848 ita
568 1802 596 1848 e.
623 1802 655 1866 g.
682 1790 717 1848 ut
745 1803 841 1848 unum
864 1784 1015 1866 idemque
1037 1785 1141 1850 colum
1164 1784 1280 1868 partim
1302 1783 1344 1848 ab
1369 1785 1421 1848 in-

280 1887 482 1968 strumentis,
516 1886 632 1971 partim
662 1906 682 1950 a
704 1886 836 1952 vocibus
858 1895 1024 1953 caneretur
1051 1886 1146 1970 (quod
1168 1887 1260 1952 multi
1283 1887 1419 1952 credunt

279 1994 325 2060 ibi
347 1991 466 2058 sactum
489 2009 573 2070 esse,
599 1989 654 2054 ubi
676 1989 819 2055 carmina
840 2011 862 2055 a
884 1991 952 2056 colo
974 2011 1037 2057 non
1059 1991 1183 2074 integro
1205 1989 1348 2074 incipere
1369 1991 1420 2055 vi-

281 2097 406 2177 dentur,
432 2092 531 2160 veluti
555 2089 581 2158 θ
604 2092 664 2158 VII
686 2098 743 2158 str.
773 2101 784 2156 l

569 2194 1116 2282 w--Lv-!.'.w..w!)

279 2302 406 2390 probari
427 2299 516 2366 nullo
539 2297 632 2363 modo
655 2303 769 2383 potest.
817 2301 915 2366 Teste
938 2299 1066 2383 quidem
1090 2299 1209 2366 scholio
1231 2301 1274 2366 ad
1296 2299 1326 2366 P
1350 2301 1416 2383 lt,

278 2426 341 2492 quo
364 2403 491 2470 nomine
506 2400 663 2466 Pindarus
685 2401 964 2469 instrumentorum
987 2403 1245 2488 praecautionem
1268 2405 1421 2489 appella-

278 2509 370 2590 verit,
396 2504 548 2573 traditum
571 2511 635 2585 est;
662 2504 804 2590 explicat
826 2505 910 2572 enim
933 2507 1049 2573 verba:
1076 2510 1261 2572 πείθονται
1282 2501 1316 2571 d’
1343 2502 1421 2573 ἀοι-

280 2612 332 2678 δοὶ
369 2607 534 2691 σάμασιν,
576 2599 788 2694 ἁγησιχόρων
825 2601 957 2674 ὁπόταν
994 2613 1185 2694 προοιμίων
1223 2603 1419 2692 ἀμβολὰς

277 2713 432 2798 τεύχῃς
456 2709 668 2792 ἐλελιζομένα
699 2711 758 2777 sic:
793 2709 853 2787 τὰς
880 2709 1186 2799 προαναφωνήσας
1207 2713 1421 2780 κατασκεαά·

278 2817 347 2902 ζῃς.
381 2815 447 2882 Sed
463 2807 611 2900 ἀναβολή
627 2814 683 2879 ubi
700 2814 788 2900 apud
802 2815 885 2880 alios
901 2814 942 2882 de
957 2835 992 2882 re
1007 2816 1131 2882 musica
1145 2815 1265 2883 dictum
1280 2827 1421 2904 apparet

280 2917 454 3006 (Aristoph.
471 2918 529 2982 Pa.
548 2919 622 2999 830,
646 2917 706 2984 Av.
726 2919 818 3000 1350,
844 2918 976 2984 Aristot.
994 2919 1087 2985 Rhet.
1105 2920 1164 2984 111.
1183 2923 1214 3002 9,
1235 2921 1263 3003 9)
1290 2921 1420 3004 signifi-

274 3032 327 3090 cat
340 3021 466 3088 initium
481 3019 631 3086 carminis
646 3019 764 3104 ipsius:
791 3017 851 3096 τὰς
866 3014 972 3106 ἀρχὰς
987 3029 1053 3087 τῶν
1069 3015 1239 3107 ᾀσμάτων,
1266 3031 1301 3088 ut
1320 3024 1417 3090 scho-

276 3128 372 3192 liasta
394 3123 616 3208 Aristophanis
638 3123 682 3189 ad
702 3124 757 3189 Pa.
777 3126 839 3189 830
855 3124 916 3204 ait;
942 3124 1175 3210 Aristophanes
1196 3133 1303 3192 autem
1327 3135 1418 3194 utro-

276 3250 338 3312 que
356 3229 427 3295 loeo
450 3227 561 3292 irridet
574 3232 764 3311 argumenta
778 3227 939 3293 initiorum
955 3227 1228 3313 dithyramborum
1244 3237 1277 3296 ct
1290 3231 1419 3297 Aristo-

274 3333 356 3400 teles
371 3332 450 3398 item
466 3324 636 3412 ἀναβολάς
659 3329 932 3416 dithyramborum
954 3339 1108 3414 tanquam
1130 3333 1312 3417 exemplum
1337 3335 1419 3402 citat

277 3437 397 3516 λέξεως
413 3432 586 3519 εἰρομένης
607 3433 630 3498 i.
650 3454 678 3500 e.
698 3434 850 3500 orationis
864 3435 1091 3518 paratactioae.
1132 3435 1211 3520 Cum
1234 3455 1310 3502 vero
1333 3438 1417 3504 nihil

275 3539 439 3625 impediat,
467 3537 635 3620 quominus
658 3537 795 3603 eandem
817 3537 1083 3622 significationem
1105 3539 1254 3605 vocabuli
1273 3540 1417 3608 Pindaro

276 3663 403 3727 quoque
433 3640 649 3722 vindicemus,
681 3641 850 3723 (sententia
879 3641 964 3707 enim
987 3641 1069 3708 haec
1091 3649 1155 3708 est:
1189 3642 1359 3726 phorminx
1383 3656 1419 3712 et

275 3746 478 3814 saltationem
508 3745 591 3828 regit
623 3745 693 3828 [τᾶς
717 3736 832 3810 ἀκούει
853 3744 916 3826 μὲν
937 3741 1053 3826 βάσις,
1087 3739 1230 3829 ἀγλαΐας
1252 3740 1350 3830 dcxcii
1383 3759 1417 3814 et

277 3858 421 3930 cantum;
459 3856 604 3914 cantores
634 3849 848 3930 obsequuntur
877 3849 979 3933 signis
1017 3852 1111 3932 [quae
1138 3857 1190 3930 tu,
1227 3849 1414 3935 phorminx.

275 3957 323 4023 eis
346 3954 430 4038 dasl,
457 3951 592 4017 simulac
606 3958 641 4017 tu
655 3951 748 4016 initia
777 3944 950 4036 [ἀμβολὰς]
976 3951 1227 4036 prooemiorum,
1252 3952 1418 4034 aquibus

274 4057 432 4142 incipiunt
447 4061 560 4121 cantus
577 4053 692 4120 chorici
711 4047 959 4141 [ἀμησιχόρων],
985 4053 1106 4139 psallis)
1134 4073 1303 4120 censemus
1318 4055 1417 4122 scho—

275 4162 402 4226 liastam
432 4155 739 4244 προαναφωνήσας
768 4158 842 4224 illas
871 4157 1043 4224 seeundum
1070 4158 1121 4224 sui
1142 4158 1295 4242 temporis
1318 4179 1415 4224 usum

272 4265 316 4330 ad
339 4260 511 4328 Pindarum
534 4260 707 4326 rettulisse,
