3248 4928
607 477 649 486 -
697 442 781 524 [sor]
831 477 870 488 -
1267 445 1308 507 ro

169 649 237 694 sam
267 636 426 715 sumptam
450 648 522 694 esse
544 628 618 694 ideo
640 629 719 695 mibi
741 649 932 716 persuasum
955 637 1024 709 est,
1057 632 1143 715 qnod
1165 634 1308 699 Hecatae

170 732 288 798 mentio
310 731 431 798 inieeta
453 739 503 797 est
523 731 558 796 in
576 751 616 798 ea
630 734 773 799 oratione
789 754 810 798 a
825 733 859 798 S.
878 733 1033 817 Gregorio
1048 735 1137 819 apud
1153 736 1308 819 Mignium

169 836 233 901 vol.
253 839 294 900 36
309 857 342 922 p.
362 838 436 902 339.
476 835 574 901 Extat
595 843 702 902 autem
725 837 753 902 is
769 837 858 902 loeus
873 837 943 902 sine
959 836 1055 903 dnbio
1070 837 1211 905 ineditus
1227 840 1310 904 inter

169 924 225 1004 eas
248 939 457 1022 narrationes,
485 959 565 1023 quas
588 940 732 1022 quintam
755 947 787 1006 et
809 947 934 1006 sextam
957 940 1034 1006 feeit
1055 941 1095 1006 Α.
1121 942 1237 1007 Maius.

256 1043 291 1108 P.
319 1045 380 1106 319
405 1036 534 1129 ’Όοιρις
556 1081 599 1091 -
625 1049 799 1130 Τυφῶνος.
846 1045 981 1109 Νοοοοε
1012 1044 1117 1110 editus
1144 1045 1224 1110 haee
1246 1067 1309 1110 non

169 1145 320 1212 continet.
360 1145 483 1212 Eadem
507 1145 574 1212 fere
597 1147 748 1230 leguntur
769 1146 858 1232 apud
880 1148 1029 1214 Cosmum
1045 1170 1077 1233 p.
1096 1153 1166 1214 149.
1200 1149 1309 1213 Eudo-

170 1249 239 1314 eiae
262 1257 372 1314 auctor
394 1255 444 1315 est
463 1250 599 1316 Nonnus
621 1250 763 1315 ineditus
785 1251 828 1315 ad
851 1251 884 1315 S.
910 1251 1042 1316 lumina.
1083 1251 1134 1316 Of.
1153 1252 1308 1335 Mignium

168 1352 232 1416 vol.
253 1355 293 1418 36
308 1373 341 1438 p.
361 1355 434 1418 340.
475 1355 593 1420 Locum
617 1353 736 1420 babere
759 1354 904 1440 putanda
919 1362 968 1420 est
983 1355 1123 1421 narratio
1138 1355 1220 1420 haee
1234 1363 1308 1420 ante

170 1475 241 1520 eam
264 1477 360 1540 qnam
384 1456 540 1522 decimam
564 1456 666 1524 edidit
689 1457 808 1541 Migne.

256 1560 292 1624 P.
319 1563 381 1624 332
412 1558 600 1643 μυθεύεται
623 1561 659 1626 δὲ
682 1599 725 1610 -
748 1558 979 1648 ἐλεφάντινον.
1028 1565 1162 1629 Cosmus
1185 1585 1218 1648 p.
1248 1569 1308 1628 146

169 1664 289 1730 similia
310 1671 430 1745 narrat,
458 1685 593 1750 eamque
617 1667 658 1732 ob
675 1685 805 1731 eausam
821 1666 959 1732 omissus
975 1675 1025 1732 est
1040 1689 1060 1731 a
1075 1667 1158 1731 Maio
1174 1667 1206 1731 in
1222 1687 1309 1732 eorn-

169 1769 335 1834 mentariis
358 1769 401 1834 ad
423 1768 543 1834 Sancta
565 1769 688 1834 lumina
711 1769 752 1834 de
774 1770 894 1854 Pelope
917 1769 1025 1848 loeus,
1058 1789 1153 1852 quem
1184 1769 1228 1835 ibi
1252 1791 1309 1834 ex-

167 1877 237 1938 tare
260 1893 278 1938 e
300 1871 421 1956 Mignio
444 1893 477 1957 p.
499 1876 561 1936 341)
584 1871 768 1938 concludas.

255 1977 291 2041 P.
319 1979 381 2040 413
405 1973 442 2041 ἒν
457 1983 495 2061 τῇ
512 1975 609 2062 ἑορτῇ
624 2015 669 2024 -
683 1973 974 2063 ντλαγιοιμάλλοος.
1019 1975 1140 2041 Eadem
1157 1977 1308 2060 leguntur

169 2081 256 2165 apud
279 2081 428 2146 Cosmam
451 2101 483 2164 p.
505 2085 580 2162 157,
607 2103 670 2146 non
694 2081 844 2164 leguntur
865 2079 951 2166 apud
975 2081 1123 2145 Nonnum
1147 2082 1162 2144 l
1186 2085 1224 2144 34
1249 2101 1308 2146 neo

169 2185 296 2249 omnino
318 2185 351 2249 in
374 2185 471 2250 editis
487 2183 593 2250 Nonni
616 2185 865 2250 commentariis.
906 2185 970 2250 Sed
994 2186 1219 2270 praetermisit,
1246 2186 1306 2250 nisi

169 2289 280 2369 failor,
312 2288 416 2353 Maius
445 2289 479 2354 id
502 2297 598 2374 eaput
619 2289 653 2353 in
676 2309 790 2354 eornm.
815 2289 858 2354 ad
881 2289 915 2351 S.
941 2288 1073 2354 lumina.
1121 2289 1171 2354 Cf.
1198 2290 1307 2372 Migue

169 2413 202 2476 p.
222 2395 299 2456 337:
329 2386 407 2456 οὐδὲ
430 2393 557 2478 mutiet
580 2416 667 2468 τινες
690 2393 747 2455 καὶ
770 2389 970 2478 ἰθύφαλλοι.

255 2497 291 2561 P.
318 2499 380 2559 429
404 2503 501 2580 eaput
530 2496 608 2580 napi
639 2502 696 2582 τῆς
726 2503 792 2560 τῶν
818 2496 1004 2562 Χαλδαίων
1034 2491 1260 2580 ἀστρονομίας
1290 2517 1308 2562 e
1422 2495 1424 2499 ’

169 2599 295 2665 duobus
318 2599 426 2665 Nonni
448 2599 587 2664 Soboiiis
610 2599 688 2664 mibi
711 2599 837 2664 videtur
860 2599 1026 2665 derivasse
1046 2600 1201 2680 Eudoeia,
1227 2621 1308 2682 quo-

169 2725 237 2769 rum
269 2704 404 2770 aiterum
434 2704 590 2769 ineditum
622 2710 711 2768 extat
739 2703 822 2768 inter
844 2710 987 2768 octavam
1011 2709 1043 2768 et
1065 2723 1181 2769 nonam
1204 2704 1247 2769 ad
1270 2705 1304 2768 S.

169 2809 290 2873 lumina
319 2807 529 2872 narrationes.
583 2807 641 2888 (Cf.
669 2807 777 2890 Migne
800 2829 832 2891 p.
860 2809 948 2890 340).
995 2807 1140 2872 Alterum
1163 2814 1213 2872 est
1236 2808 1306 2872 edi-

167 2919 233 2977 tum
257 2913 272 2976 I
296 2914 349 2974 70.
395 2912 509 2994 Neque
540 2931 610 2975 eum
640 2910 825 2975 Montaeutii
855 2917 943 2974 textu
972 2910 1114 2986 (iraeeo,
1146 2912 1204 2976 sed
1235 2933 1306 2976 enm

170 3016 285 3079 Latina
314 3015 403 3079 Billii
430 3015 578 3080 versione
609 3034 785 3096 congruere
815 3013 961 3078 videmus
992 3013 1053 3077 boo
1082 3033 1207 3097 quoque
1238 3016 1306 3080 loeo

169 3119 360 3184 Eudoeiam:
395 3115 545 3204 δεύτεροι
567 3155 609 3164 -
632 3111 868 3200 εὐδοκιμοῦσιν
897 3125 929 3181 et
951 3117 1082 3201 λέγεται
1106 3155 1148 3162 -
1172 3115 1308 3202 ἐξεῦρον

168 3243 208 3288 err
232 3223 291 3288 hoe
313 3221 435 3287 scholio
458 3221 612 3304 originem
637 3219 768 3286 ducunt.
817 3219 1001 3305 »Aegyptii
1027 3241 1067 3285 ex
1090 3219 1306 3287 immensitate

168 3335 271 3391 terrae
294 3333 327 3392 et
349 3327 487 3390 ioeorum
511 3323 723 3390 divisionibus
746 3325 834 3410 prins
856 3324 970 3404 edooti,
997 3331 1093 3406 atque
1109 3324 1154 3389 ita
1169 3325 1211 3389 ad
1227 3325 1306 3390 seri-

168 3429 307 3494 bendum
330 3427 493 3511 adductio,
520 3428 618 3536 verba
640 3429 738 3508 Billii,
766 3428 881 3511 quibus
904 3427 937 3490 in
953 3425 1077 3492 Graeco
1093 3427 1199 3492 Nonni
1215 3435 1304 3493 textu

167 3531 246 3596 nihii
270 3532 451 3615 respondet,
478 3539 606 3596 servata
629 3531 759 3596 suntin
780 3531 926 3596 violario.

254 3705 402 3770 Ceterum
440 3705 519 3769 satis
552 3705 669 3770 multos
703 3725 721 3770 e
755 3705 869 3770 Nonne
904 3704 992 3768 loeos
1029 3703 1173 3784 neglexit
1205 3703 1304 3769 Flaob

167 3829 199 3893 p.
223 3812 292 3890 112,
319 3809 400 3872 alios
423 3809 505 3873 falso
528 3809 558 3874 ei
580 3808 705 3874 tribuit:
733 3831 765 3893 p.
785 3811 825 3873 89
846 3802 899 3872 ὅτι
922 3805 957 3872 ἓν
973 3803 1205 3890 Πατάροις-
1221 3801 1307 3872 uiue-

167 3909 298 3999 κτάνθη
317 3905 333 3998 ἡ
351 3916 505 3997 Χίμαιρα
522 3912 730 3976 Noumlbd.
764 3913 777 3997 ii
807 3913 842 3976 P.
861 3915 902 3974 96
920 3911 1000 3994 ιιέρὶ
1015 3914 1178 3995 γεωργίας
1196 3911 1302 3976 Nonn.

168 4015 181 4078 1
206 4019 257 4096 111,
284 4036 346 4080 norr
371 4016 521 4100 Apollod.
547 4015 609 4096 14,
636 4021 667 4078 b.
708 4016 803 4080 Illum
827 4015 910 4080 enim
935 4014 1132 4080 adverbum
1157 4015 1307 4099 exprimit

166 4119 320 4202 Eudoda,
347 4119 389 4183 ab
412 4119 472 4183 boe
495 4117 561 4184 toto
584 4118 674 4182 eaelo
696 4118 839 4200 abeam).

212 4248 262 4360 “i
280 4247 396 4361 ignorat
414 4293 526 4346 omnino
546 4289 747 4360 Apoiiodornrn
762 4289 897 4352 Eudooia.
918 4305 1045 4360 quaeque
1063 4289 1089 4343 ei
1108 4289 1208 4343 tribuit
1220 4289 1304 4346 Fiaeh

166 4397 193 4450 p.
213 4383 254 4446 14,
274 4380 345 4434 alias
364 4379 467 4434 babent
485 4380 621 4447 origines:
646 4375 815 4446 Arnpbietyo
834 4394 859 4444 p.
882 4379 914 4428 41
933 4393 966 4430 err
987 4375 1066 4430 Eust.
1090 4375 1167 4429 Hom.
1188 4393 1215 4444 p.
1241 4379 1304 4430 1515

1081 4466 1096 4512 4
