3226 4932
192 501 197 510 .
322 395 362 458 un
757 437 800 448 -
847 403 932 484 [nau]
979 437 1022 448 -

321 595 497 668 μναμείον,
523 588 606 655 alter
628 588 657 654 si
679 597 849 673 praeterea
871 609 943 656 eum
959 589 1098 657 Christis
1121 589 1255 655 relativo
1278 588 1381 655 forma
1403 589 1466 654 da-

321 695 373 754 tur
394 677 432 772 ᾦ.
480 689 691 758 Soribeudum
713 692 812 776 igitur

588 807 755 877 μναμεῑον
777 795 814 862 ἒν
835 795 1081 882 τεσσεράκοντα
1104 794 1167 880 γάρ

527 904 560 964 et
588 909 767 980 μαντεῖον·
794 889 821 984 ui
842 899 899 964 καὶ
920 897 1158 982 Λακεδαίμονι

409 1019 435 1100 o)
463 1039 536 1082 αντ.
562 1017 589 1102 χ’
616 1022 634 1080 7
672 1019 746 1085 libri
774 1020 896 1086 habent
926 1013 1065 1104 Καρνεῑ’
1098 1017 1135 1086 ἐν
1163 1019 1253 1085 δαιτί
1284 1017 1466 1100 σεβίζομεν

324 1117 379 1183 ubi
408 1120 501 1186 metri
529 1140 629 1187 oausa
657 1122 718 1187 viri
747 1123 832 1190 dooti
862 1123 1000 1190 eundem
1022 1123 1193 1189 ionismum
1214 1122 1333 1189 inferre
1355 1123 1466 1188 eonati

323 1229 397 1288 sunt
420 1216 578 1310 Καρνήϊ’,
614 1223 650 1290 ἒν
680 1224 770 1290 δαιτὶ
801 1225 979 1308 σεβίζομεν
1010 1227 1044 1292 in
1077 1227 1267 1310 cognomine
1300 1225 1466 1310 Apollinis

323 1325 494 1410 praecipue
524 1327 676 1393 dorioo.
723 1329 808 1394 Vena
834 1337 941 1396 autem
964 1329 1043 1394 mihi
1066 1347 1139 1394 esse
1161 1328 1288 1395 videtur
1309 1328 1370 1394 hoo
1392 1329 1466 1393 loco

323 1428 505 1494 emendatio
527 1429 678 1514 Bergkii,
710 1432 738 1496 si
767 1432 867 1498 verba
891 1433 933 1497 ab
956 1452 994 1498 eo
1017 1431 1190 1498 constituta
1211 1432 1364 1498 inunum
1388 1451 1465 1496 ver-

323 1550 393 1596 sum
415 1533 656 1617 coniungimus:
1268 1536 1270 1546 '

633 1654 832 1723 πολύθυτον
854 1656 992 1742 ἐ’ρανονι

633 1759 736 1826 ἔνθεν
758 1755 1012 1843 ἀναδεξάμενοι,

632 1857 810 1946 Ἄπολλον,
836 1871 896 1950 τεᾷ

635 1972 779 2052 Καρνεῑέ
801 1961 836 2032 σ’
862 1966 899 2033 ἒν
921 1968 1011 2034 δαιτί
1035 1967 1212 2050 σεβίζομεν

633 2067 793 2154 Κυράνας
815 2065 847 2134 τ’
874 2065 1101 2156 ἀγακτιμέναν
1124 2069 1235 2137 πόλιν.

411 2186 441 2264 d)
471 2209 542 2272 στρ.
561 2186 587 2252 ὅ
607 2192 624 2252 7
649 2189 722 2256 libri
743 2191 874 2258 tradunt

411 2287 600 2374 ῥανθεισᾶν
626 2293 688 2374 (vel
704 2291 903 2378 ῥανθεῖσαν)
931 2293 1052 2377 κώμων
1073 2289 1115 2359 θ’
1140 2289 1208 2360 ὑπὸ
1231 2291 1398 2376 χεύμασιν

324 2407 451 2494 Optime
481 2411 521 2477 de
549 2411 609 2478 hoo
642 2413 711 2479 luoo
746 2413 899 2480 disseruit
926 2415 1142 2482 Mommsenus
1175 2415 1209 2480 in
1242 2413 1470 2492 adnotatione,

324 2511 379 2594 qui
409 2513 513 2580 looum
543 2523 724 2601 surruptum
755 2517 802 2583 sie
831 2519 1004 2584 restituens
1033 2519 1181 2604 plausum
1212 2518 1285 2582 tulit
1311 2517 1469 2582 Christii:

329 2613 504 2700 (πρόγονοι
524 2614 711 2702 Ἀρκεσίλα)
742 2669 806 2684 ...
831 2617 983 2704 μεχάλαν
1006 2615 1040 2686 d'
1067 2614 1190 2706 ἀρετάν

634 2737 745 2824 δρόσῳ
767 2742 932 2828 μαλθακᾷ

634 2843 824 2928 ῥανθεῖσαν
845 2838 961 2926 ύμνιον
982 2838 1049 2909 lau
1073 2842 1239 2928 χεύμασιν

634 2939 791 3012 ἀκούοντί
813 2971 875 3012 ποι
896 2951 1023 3034 χθονίᾳ
1047 2951 1156 3034 φρενί,

634 3047 725 3136 σφὸν
749 3043 862 3131 ὄλβον,
887 3048 950 3135 υἱῷ
972 3074 1007 3115 τε
1030 3047 1148 3116 κοινὰν
1170 3047 1269 3134 χάριν

634 3150 767 3228 ἔνδικόν
788 3147 822 3216 τ’
847 3151 1033 3239 Ἀρκεσίλᾳ.

324 3271 485 3356 Bergkius
506 3279 614 3340 alitem
636 3274 725 3340 illius
748 3273 938 3358 ῥανθεισᾶν
960 3294 1060 3340 eausa
1081 3294 1221 3356 versum,
1247 3293 1341 3356 quem
1365 3273 1472 3358 septi-

324 3395 410 3440 mum
426 3383 582 3458 numerat,
601 3378 765 3443 constituit
786 3415 808 3423 —
824 3379 847 3425 -'
862 3377 896 3458 Ξ,
924 3396 1115 3462 quamquam
1133 3373 1223 3462 σφὸν
1239 3369 1351 3458 ὄλβον,
1379 3375 1471 3460 quod

324 3479 532 3562 epexegetioo
562 3500 649 3546 more
678 3479 809 3546 additur
830 3479 874 3545 ad
895 3477 1047 3564 μεγάλαν
1071 3473 1210 3565 ἀρετάν,
1244 3479 1337 3544 dooet
1358 3501 1468 3563 μεγα-

198 3641 201 3650 .
324 3581 387 3646 λᾱν
418 3575 541 3668 ἀρετᾶν
570 3581 760 3668 ῥανθεισᾶν
786 3583 1031 3670 improbandum
1060 3601 1144 3648 esee.
1198 3583 1309 3648 Altera
1337 3601 1469 3664 quoque

324 3685 556 3768 emendatione,
581 3680 698 3768 λίμναν
719 3707 776 3772 pro
794 3685 916 3768 κώμων
931 3681 985 3768 θ’,
1013 3686 1104 3752 euius
1119 3685 1261 3752 Beokius
1275 3691 1386 3750 auctor
1400 3691 1466 3768 est,

324 3807 387 3852 nou
410 3787 513 3854 solum
535 3795 669 3856 metrum
693 3789 879 3872 restituitur,
905 3789 1076 3856 sedetiam
1092 3788 1267 3860 sententia:
1293 3807 1368 3852 nam
1385 3785 1468 3872 δρό-

324 3911 384 3966 σος
398 3891 559 3978 μαλθακή
575 3893 675 3958 multo
690 3893 796 3978 aptius
812 3893 853 3959 de
868 3893 1063 3959 culminibus
1087 3885 1205 3974 (ὕμνοι)
1234 3889 1351 3956 dieitur
1364 3911 1467 3973 qnam

324 3992 365 4059 de
389 3993 668 4061 comissationibus
696 3997 835 4081 (κῶμοι),
862 3995 904 4062 ui.
930 3995 957 4060 ll
979 3995 1026 4060 IX
1052 4000 1103 4058 49.
1136 3993 1204 4060 ΡΙ
1228 3995 1280 4058 98.
1312 3992 1339 4057 Ν
1362 3993 1408 4058 IV
1432 4001 1465 4058 4.

410 4199 453 4266 Ut
475 4201 592 4282 omnia,
618 4221 701 4284 quae
724 4203 913 4286 singillatim
935 4201 1080 4287 exposui,
1107 4201 1310 4285 eompleotar,
1335 4219 1470 4268 versum

329 4305 346 4363 7
369 4303 403 4368 in
426 4309 495 4368 outo
519 4303 659 4389 strophis
682 4305 729 4371 sio
751 4303 983 4370 restituendum
1006 4323 1079 4370 esse
1102 4303 1252 4368 arbitror:
