3248 4928
648 433 690 443 -
739 397 823 477 [aaa]
871 433 913 443 -
1308 394 1346 454 21

212 593 289 675 Lyo.
310 592 381 674 838)
410 588 443 653 in
467 607 560 654 unam
584 587 766 652 transfusae
789 591 864 651 33331
887 585 928 650 313
947 584 1099 650 1133133133.
1147 583 1350 648 Ρι133113333

212 695 386 760 debentur:
431 695 457 774 1)
484 712 516 775 p.
547 694 621 754 11141
661 695 824 776 χρωμένῳ
860 727 903 737 -
939 682 957 753 ri
989 686 1075 764 Ζεύς
1109 694 1166 774 τῆς
1200 685 1324 763 παιδὸς
1341 687 1351 774 ))

212 801 242 882 2)
270 805 335 863 τῶν
358 795 394 862 δὲ
417 799 544 882 γίνεται
567 833 609 842 -
632 799 782 882 Σέριφον
804 791 865 882 τὴν
885 801 999 882 νῆσον
1019 793 1031 878 Ι)
1062 795 1091 878 3)
1118 781 1205 880 ἦσαν
1227 788 1290 878 γὰρ
1307 831 1350 842 -

212 903 269 968 καὶ
291 905 419 987 τρέφει.
452 899 464 988 ΙΙ
499 899 670 965 Ρ33313333
692 905 752 964 τού
775 891 908 985 ὀρόφου
930 917 986 984 pro
1010 897 1148 962 'Pretzae
1171 896 1278 964 verbis
1301 920 1350 961 τι-

212 1030 270 1082 νος
302 999 399 1091 ὀπῆς.
454 1002 591 1086 Reliqua
620 1002 727 1068 omnia
759 1022 799 1068 ex
828 1002 933 1068 altera
966 1001 1077 1084 glossa
1110 998 1346 1087 profluxerunt:

211 1105 295 1192 perir
311 1113 442 1194 τροφοῦ
457 1106 565 1173 Sohol.
583 1106 660 1192 Ap,
682 1103 767 1189 μετὰ
782 1112 841 1193 τῆς
856 1110 988 1192 τροφοῦ
1002 1104 1102 1170 Phav.
1117 1103 1200 1170 Eud.
1226 1103 1238 1190 ΙΙ
1261 1108 1350 1189 τριέ-

212 1237 269 1299 της
292 1212 349 1276 καὶ
365 1214 542 1297 τετραέτης
565 1209 687 1294 831331,
714 1206 843 1297 τριετὴς
859 1210 915 1274 καλ
931 1205 1108 1296 τετραετής
1130 1208 1233 1274 Phav.
1247 1209 1329 1273 Eud.
1341 1208 1349 1294 1)

211 1313 271 1382 τὸν
292 1310 375 1382 ύττύ
406 1312 450 1380 τὸ
475 1313 620 1400 ἑρκίον
642 1310 728 1391 Διός
750 1314 872 1396 Schot,
906 1311 967 1379 τὸν
994 1306 1076 1378 ύιτὸ
1107 1319 1180 1378 τοῦ
1204 1309 1349 1397 ἑρκίον

210 1417 295 1496 Διός
311 1420 425 1504 Pham,
451 1414 510 1484 τὸν
525 1424 600 1484 τού
616 1416 762 1505 ἑρκίον
777 1415 862 1494 Διός
877 1417 963 1483 Eud.
994 1417 1108 1501 Neque
1122 1417 1195 1502 ipso
1211 1417 1349 1482 Tzotzao

211 1523 343 1607 scholio,
378 1521 437 1589 sed
459 1522 640 1587 Phavorino
663 1540 755 1588 usam
778 1541 850 1588 esse
873 1521 1049 1587 Eudooiam
1073 1541 1144 1586 oum
1167 1519 1240 1586 aliis
1263 1518 1349 1584 indi-

210 1628 268 1694 oiis
289 1635 357 1694 tum
380 1647 419 1693 eo
441 1631 540 1711 patet,
566 1625 652 1708 quod
674 1626 775 1692 verba
798 1626 857 1691 sub
880 1625 974 1691 tinem
997 1645 1018 1690 a
1040 1623 1210 1689 Phavorini
1234 1623 1349 1690 editio-

210 1732 304 1798 nibus
326 1733 471 1798 Romaua
500 1737 532 1796 31
560 1728 741 1796 3331133331
769 1731 889 1796 omissa
918 1726 979 1816 τὴν
1008 1727 1118 1794 οἰκίαν
1146 1735 1206 1794 τού
1234 1729 1348 1794 Πολυ-

209 1836 328 1902 δέκτου
356 1836 412 1900 καλ
443 1830 636 1917 συμπόσιον
666 1831 825 1920 λαμπρὸν
855 1831 1023 1920 ἐφεοριῖιν,
1057 1832 1168 1911 (λείξας
1194 1832 1291 1898 etiam
1314 1832 1347 1898 in

209 1940 342 2007 violatio
365 1939 599 2007 desiderantur.

295 2046 331 2109 P.
350 2049 412 2109 264
437 2044 525 2129 Περὶ
539 2049 606 2108 τῶν
621 2039 774 2108 Κύκνων.
812 2043 927 2108 Totam
943 2041 1086 2125 glossam
1102 2041 1203 2106 Phar.
1221 2062 1253 2126 p.
1265 2044 1346 2104 1124

208 2149 305 2216 debet
326 2147 471 2214 Eudooia
493 2146 637 2231 exoeptis
660 2167 692 2231 p.
719 2149 781 2210 265
812 2145 920 2213 verbis
946 2139 984 2209 ‘0
1007 2143 1093 2221 Ζεύς
1123 2142 1284 2230 ἐρασθεὶς
1304 2183 1348 2192 -

210 2247 335 2339 ἄστρον
358 2245 375 2317 ὁ
402 2248 532 2326 Κύκνος
563 2249 951 2335 31133331133311113.
990 2249 1003 2334 Ι)
1041 2245 1237 2324 Κύκνος-
1261 2253 1348 2315 Πίν-

210 2357 313 2442 δαρος
337 2354 462 2440 ἱστορεῖ
492 2374 511 2419 3
534 2352 640 2419 331331.
667 2353 758 2418 Pind.
794 2353 844 2419 Ol.
870 2353 966 2418 1182
994 2352 1270 2432 1331331Ρ133νο3.;
1304 2346 1347 2430 ὡς

208 2461 265 2526 καὶ
287 2458 461 2544 Πίνδαρος
485 2456 611 2542 ἱστορεῖ
632 2456 673 2522 ab
696 2476 734 2522 33
757 2455 901 2522 additum
924 2463 1033 2522 servat
1055 2455 1208 2522 Eudooia.
1264 2457 1345 2522 Tum

208 2564 306 2631 verba
337 2553 435 2639 οὗτος
466 2559 597 2646 ἐλέγετο
621 2598 661 2606 -
691 2581 723 2646 p.
748 2563 810 2624 265
841 2557 915 2636 ολός
943 2557 1158 2636 Ἀπόλλωνος
1188 2560 1348 2626 3133133

208 2668 250 2733 ad
279 2667 357 2752 Lyo.
384 2669 446 2731 232
477 2671 691 2750 provenerunt
723 2663 852 2730 inverso
882 2664 1018 2730 duarum
1052 2663 1189 2748 partium
1221 2664 1343 2730 ordine.

207 2771 300 2851 Quod
315 2769 400 2837 enim
422 2770 456 2836 in
471 2768 592 2835 soholio
609 2773 785 2834 extremum
802 2774 852 2834 331
874 2758 973 2844 ούτος
996 2766 1137 2852 ἐλέγετο,
1164 2761 1218 2834 ὅτι
1239 2764 1348 2855 ύτρω-
1442 2805 1446 2816 .

207 2899 264 2951 τος
287 2863 327 2962 ἦν
348 2911 391 2921 -
413 2869 556 2956 μύθοις,
592 2865 644 2936 ύτι
673 2866 823 2957 ἄτρωτος
854 2859 901 2958 ἦν,
935 2872 1029 2937 311331
1059 2871 1142 2956 parti
1172 2873 1347 2958 praemittit

208 2978 416 3044 Phavorinus.
465 2977 567 3056 Quem
590 2975 733 3042 ordinem
765 2996 836 3042 oum
860 2982 967 3042 servet
989 2976 1143 3060 Eudooia‚
1175 2976 1237 3042 1333
1266 2998 1346 3060 quo-

207 3104 268 3167 que
291 3084 361 3149 loco
383 3081 563 3146 Phavorino
587 3100 658 3146 eam
689 3100 780 3146 usam
811 3099 883 3146 esse
914 3081 1145 3146 consectarium
1174 3088 1233 3147 est.
1282 3083 1344 3150 Oe-

208 3195 310 3253 terum
334 3176 431 3262 ούτος
455 3183 586 3270 ἐλέγετο
608 3220 652 3231 -
674 3182 818 3267 μύθοις,
853 3178 905 3249 ὅτι
929 3179 1078 3270 ἄτρωτος
1102 3173 1141 3272 ἦν
1169 3205 1231 3251 uon
1260 3191 1345 3252 33313

207 3291 405 3376 Palaephato
427 3287 539 3356 tribuit
561 3287 661 3354 Flaoh
684 3310 716 3374 p.
736 3291 776 3352 26
800 3295 832 3355 31
854 3291 906 3352 28.

292 3395 327 3459 Ρ.
353 3396 416 3458 403
451 3393 549 3459 verba
582 3393 639 3457 καλ
674 3393 856 3458 Ναοιιλλοα
889 3400 949 3458 τού
983 3391 1113 3459 ἐκείνου
1146 3391 1277 3481 πατρὸς
1304 3433 1346 3442 -

207 3497 446 3584 διαφθαρῆναι
475 3515 642 3582 perperam
674 3497 778 3563 eidem
808 3497 889 3563 fonti
918 3497 1028 3563 tribuit
1055 3498 1153 3563 Flaoh
1178 3519 1210 3583 p.
1233 3503 1292 3562 155
1316 3506 1348 3565 31

209 3605 268 3666 156
291 3602 367 3667 adn.
390 3606 403 3664 1
430 3607 526 3684 atque
549 3620 694 3682 eaquae
717 3600 913 3686 praecedunt
935 3600 1010 3668 inde
1033 3623 1053 3666 3
1075 3623 1106 3686 p.
1128 3605 1190 3666 462
1214 3596 1267 3667 ὅτι
1287 3602 1345 3668 3331

208 3708 377 3789 Νέρωνος.
425 3703 597 3790 Superiora
618 3704 677 3769 illa
699 3704 783 3770 infra
805 3705 925 3770 dooebo
949 3726 967 3771 e
990 3705 1125 3790 Cyriaoo
1146 3707 1345 3774 Anconitano

205 3806 302 3872 dueta
331 3826 415 3873 3333.
463 3806 542 3872 Indo
572 3829 592 3872 a
615 3807 722 3874 verbis
752 3809 809 3872 καὶ
835 3809 1017 3874 Ναυπλίου
1045 3809 1117 3874 fons
1147 3817 1196 3875 est
1223 3812 1341 3893 (Tasta.

204 3911 283 3996 Lyo.
303 3913 375 3996 384)
403 3911 502 3978 Phav.
527 3915 618 3977 1413.
666 3911 813 3979 Eundem
836 3913 940 3980 looum
956 3911 1099 3979 Eudooia
1114 3913 1210 3980 3113333
1233 3937 1265 4001 p.
1283 3917 1338 3979 321

205 4013 345 4080 exhibet.

291 4119 405 4204 Neque
439 4127 547 4186 tamen
581 4120 705 4202 omnia,
742 4141 825 4204 quae
855 4123 924 4186 vult
957 4121 1075 4204 113311,
1114 4143 1226 4188 333333
1259 4125 1346 4210 apud

204 4225 340 4289 Tzetzas
357 4231 482 4301 extant;
509 4223 598 4290 velut
613 4245 647 4309 p.
664 4228 724 4289 146
745 4217 1244 4313 333ρ11Ἑλλης33333333Τ331τ.
1264 4230 1340 4315 Lyo.

205 4330 256 4410 22,
290 4327 349 4397 sod
377 4349 449 4396 oum
477 4333 665 4415 argumento
688 4329 850 4417 Apollonii
872 4330 988 4398 Rhodii
1011 4331 1157 4400 Parisino
1188 4334 1345 4402 consentit
