3238 4930
741 446 833 530 [ror]
1314 450 1355 513 co

217 641 249 703 ἐν
271 637 329 720 γοῖρ
352 645 416 717 τοῖς
439 641 470 715 ἓξ
493 645 584 720 τριῶν
606 635 843 720 λαμβανομένου
866 637 974 721 λόγων,
996 643 1053 702 τοῦ
1074 664 1108 703 τε
1131 637 1199 704 ἴσου
1228 641 1357 704 καὶτοῦ

217 743 374 808 διπλασίου
401 747 451 806 καὶ
483 744 537 806 τοῦ
566 745 798 820 πενταπλασιόυ,
831 739 848 806 c'
876 742 932 822 μὲν
964 749 1133 819 τελευταῖος
1162 743 1273 828 ῥηθεὶς
1304 741 1357 809 οὐκ

217 845 376 929 ἔρρυθμός
399 848 474 924 ἐστι,
497 854 560 910 τῶν
582 847 614 910 ιλὲ
637 852 750 920 λοιπιόν
765 843 781 910 ὁ
796 846 852 927 μὲν
875 853 932 910 τοῦ
947 844 1013 910 ἴσου
1030 844 1117 928 λόγος
1133 849 1174 924 εἰς
1190 846 1226 911 τό
1245 851 1358 911 ιλιικτυ-

218 950 299 1015 texts
322 949 405 1033 γένος
427 953 612 1031 ἐμπεσεῖται,
634 949 650 1015 ὁ
676 951 707 1016 δὲ
730 959 786 1016 τοῦ
808 952 968 1016 διπλασίου
984 951 1025 1028 οἷς
1042 949 1077 1015 tri
1097 949 1244 1032 ἷιιμβικόν,
1283 952 1356 1033 Ρθε,

217 1076 310 1140 quom
340 1053 395 1119 ουίι
423 1053 579 1138 ἔρρυθμον
610 1055 823 1120 Aristoxenus
856 1055 1013 1140 appellat,
1043 1061 1091 1120 cst
1117 1053 1288 1134 eiusmodi,
1320 1060 1356 1118 ut

217 1161 317 1227 thosis
340 1161 479 1246 quinquo
503 1160 609 1242 moris,
633 1160 710 1225 arsis
734 1182 797 1224 una
814 1182 903 1224 moro
919 1168 1044 1226 constet
1064 1173 1117 1242 [Μ
1138 1197 1156 1230 o
1174 1165 1230 1223 aut
1251 1193 1269 1231 υ
1287 1172 1355 1242 Q

217 1289 274 1352 pes
298 1273 406 1330 autem
430 1271 486 1328 τοῦ
507 1263 575 1329 ἴσον
597 1264 630 1329 id
653 1273 701 1329 est
724 1265 778 1349 qui
800 1265 841 1329 cd
864 1285 965 1348 genus
994 1264 1189 1346 dactylicum
1219 1265 1355 1348 pertinet

218 1377 267 1434 cst
288 1370 324 1444 is,
347 1369 379 1433 in
403 1389 466 1453 quo
492 1376 523 1433 et
546 1368 646 1434 thesis
669 1373 700 1431 ct
723 1369 802 1432 arsis
828 1370 923 1431 trium
954 1377 1002 1432 est
1032 1389 1208 1432 morarum:
1231 1400 1273 1420 »—
1296 1390 1356 1450 s--3

218 1471 355 1558 donique
383 1493 441 1557 pes
471 1479 526 1538 τοι·
556 1473 713 1536 διπλασίου
743 1472 810 1538 sivo
841 1474 967 1556 generis
997 1473 1123 1537 iambici
1152 1475 1194 1555 is,
1227 1475 1259 1537 in
1291 1494 1354 1558 quo

218 1577 316 1642 thosis
349 1599 421 1641 cum
453 1578 515 1642 orsi
549 1581 734 1661 comparato
755 1575 911 1642 rationem
943 1574 1042 1641 habet
1065 1581 1154 1642 2:t.
1184 1581 1253 1644 sivo
1277 1581 1356 1644 4:2

122 1725 124 1730 ,
217 1709 259 1734 a
283 1719 322 1728 —-
346 1689 402 1746 cut
426 1719 464 1727 —
489 1707 540 1745 ι-ν.
592 1680 661 1744 Iam
691 1679 777 1764 quod
808 1681 852 1746 cit
882 1681 1018 1767 scriptor
1045 1681 1144 1765 podes
1177 1691 1355 1748 octascmos

218 1807 327 1850 omncs
349 1807 421 1850 csse
445 1785 570 1868 generis
594 1784 754 1870 dactylici,
777 1783 818 1848 dc
833 1783 948 1870 quibus
965 1783 1101 1869 pedibus
1119 1787 1247 1870 cogitet,
1267 1809 1356 1873 sper·

217 1897 286 1954 tum
309 1897 367 1954 est.
413 1888 496 1954 Sunt
519 1889 603 1952 enim
628 1889 657 1954 ei
679 1888 788 1974 podes,
814 1889 846 1952 in
877 1888 993 1973 quihus
1023 1895 1055 1952 et
1085 1890 1184 1954 thosis
1215 1898 1247 1954 ct
1276 1892 1355 1956 orsis

217 2001 369 2081 quattuor
390 2001 465 2057 sunt
487 2013 649 2057 mororum
677 2019 716 2044 ω
740 2017 792 2058 -ι,
843 1993 908 2058 ΑΙίἰ
942 2013 1019 2058 vcro
1053 1993 1152 2078 pedes
1186 1993 1356 2078 rhythmici

218 2096 370 2162 octasemi
393 2117 456 2160 non
481 2101 618 2179 exstant,
648 2118 719 2162 cum
741 2117 847 2184 nequo
877 2120 944 2184 pes,
975 2098 1064 2162 cuius
1093 2097 1191 2162 thesis
1220 2103 1353 2183 septem,

216 2201 295 2264 arsis
317 2199 421 2281 unius,
450 2219 554 2285 nequo
577 2221 644 2285 pes,
667 2201 758 2266 cuius
781 2201 879 2266 thesis
902 2222 970 2282 ser,
992 2201 1070 2266 orsis
1089 2198 1234 2282 duarum,
1250 2221 1354 2289 neque

216 2324 284 2389 pos,
308 2305 397 2368 cuius
421 2303 519 2368 thosis
543 2303 693 2390 quinque,
717 2305 796 2368 ursis
821 2305 916 2368 trium
939 2305 980 2369 sit
999 2323 1169 2381 morarum,
1192 2303 1232 2368 ad
1250 2303 1356 2388 legem

217 2405 427 2492 rhythmicam
450 2408 595 2493 adaptari
617 2408 728 2493 possit.
