3226 4932
306 740 397 858 ubi
388 814 421 858 m
450 800 601 876 quattuor
623 791 737 878 epodis
759 793 860 859 semel
883 817 938 858 επ.
958 790 988 856 α’
1012 739 1264 878 interpungitur,
1298 799 1347 860 ter
1369 811 1451 858 sen-

305 897 406 964 tentia
420 896 581 963 inciditur.
607 897 688 963 Item
705 893 864 962 0V1str.
880 901 898 960 5
916 905 1029 980 quater
1043 897 1278 982 interpungitur
1298 900 1380 983 (στρ.
1398 895 1444 978 α’,

306 1021 380 1065 αντ.
399 997 441 1081 α’,
469 1022 540 1086 στρ.
559 1023 595 1081 ε,
624 1023 694 1066 αντ.
715 996 773 1082 ε’),
807 1007 856 1066 ter
878 999 1038 1066 sententia
1058 997 1220 1066 inciditur.
1267 1001 1360 1068 Unde
1384 1022 1449 1086 ap-

306 1111 398 1189 paret
419 1123 522 1187 aeque
545 1111 641 1186 atque
663 1102 696 1168 in
718 1101 782 1170 fine
806 1103 1005 1188 stropharum
1028 1123 1100 1169 cum
1124 1103 1270 1170 clausula
1290 1103 1450 1169 feminina

306 1207 485 1273 sententiae
507 1205 695 1272 incisionem
719 1207 870 1292 coniungi
892 1207 1008 1290 solere,
1034 1227 1094 1272 nec
1116 1214 1224 1272 tamen
1247 1208 1330 1274 hanc
1353 1209 1449 1273 olau-

307 1311 410 1375 sulam
433 1318 498 1375 tam
521 1309 634 1376 fortem
650 1330 732 1392 esse,
760 1317 795 1376 ut
808 1311 966 1395 impediat
979 1309 1233 1378 continuationes
1249 1312 1442 1393 sententiae,

305 1415 417 1496 quales
440 1411 466 1480 0
489 1413 534 1478 Vl
555 1421 722 1498 apparent.

393 1518 549 1601 Reliquae
576 1537 666 1584 arses
696 1518 812 1601 longae
842 1517 894 1583 vel
922 1517 1079 1602 ancipites
1109 1519 1141 1582 in
1165 1516 1280 1581 mediis
1303 1517 1448 1600 strophis

306 1621 452 1687 versibus
485 1621 687 1706 praepositae
720 1621 884 1687 catalcxes
918 1639 1066 1687 versuum
1095 1619 1356 1705 praecedentium
1386 1641 1446 1686 ex-

307 1726 406 1808 plent.
454 1725 534 1791 Sunt
556 1731 661 1790 autem
685 1723 747 1790 hae
770 1727 829 1788 36:

391 1825 739 1909 Ommztt

391 1927 417 1998 0
440 1933 501 1996 VII
524 1939 580 1997 str.
606 1934 636 2011 3,
663 1939 717 1997 str.
745 1937 763 1994 4
793 1931 908 2012 {brevis
932 1953 1002 2015 στρ.
1022 1927 1064 2010 α’,
1093 1935 1112 1994 9
1135 1932 1204 1996 rell.
1231 1932 1374 2015 longaei.

391 2033 417 2102 0
441 2035 516 2100 VIII
540 2041 597 2101 str.
624 2037 654 2116 2,
681 2054 733 2120 ep.
761 2035 779 2098 8
808 2035 926 2116 (brevis
949 2057 1003 2097 επ.
1024 2031 1066 2115 α’,
1093 2038 1112 2097 4
1136 2035 1205 2101 rell.
1232 2035 1377 2118 longae).

392 2135 418 2204 0
442 2139 506 2202 XII
529 2159 580 2222 ep.
607 2143 637 2201 4.

391 2241 418 2308 0
441 2241 523 2306 XIII
545 2249 600 2306 str.
628 2245 645 2302 7
672 2241 791 2322 (brevis
815 2263 887 2328 στρ.
906 2238 949 2320 α’,
977 2241 1088 2306 orell.
1116 2241 1257 2323 iongaei.

393 2343 538 2410 PIstr.
565 2353 595 2425 4,
622 2364 673 2428 ep.
700 2349 731 2408 4.

393 2448 494 2514 PIII
517 2455 572 2513 atr.
600 2450 630 2511 3.

392 2551 489 2616 PIV
512 2573 562 2637 ep.
589 2558 618 2615 5.

393 2654 509 2719 PXIl
532 2663 587 2720 str.
616 2658 644 2736 3,
673 2660 702 2734 5,
730 2659 761 2718 6.

392 2754 536 2822 NIstr.
564 2762 592 2838 2,
620 2765 650 2838 4,
678 2778 731 2840 ep.
757 2763 787 2820 4.

392 2859 799 2945 NVstr.4,5‚6‚cp.
826 2865 901 2940 3,4
907 2867 972 2942 ,5.

393 2962 518 3028 NVIII
541 2984 591 3048 ep.
618 2970 649 3027 4.

392 3066 490 3132 NIX
513 3074 568 3132 str.
595 3071 624 3132 6.
686 3149 687 3154 ἵ

392 3169 529 3236 Ilstr.
555 3177 574 3234 4
602 3171 718 3253 (brevis
742 3191 813 3254 στρ.
833 3169 875 3250 α’,
903 3173 921 3233 9
945 3170 1014 3235 rell.
1042 3171 1182 3252 longae),
1209 3189 1260 3252 ep.
1288 3175 1320 3232 4.

394 3273 467 3338 111
491 3294 541 3358 ep.
567 3279 596 3354 c,
625 3279 654 3354 5,
683 3280 713 3338 o.

391 3375 478 3442 IVI
506 3377 551 3457 (V)
580 3384 635 3441 str.
662 3383 691 3456 5,
720 3379 749 3456 8,
777 3381 808 3456 9,
836 3397 887 3462 ep.
914 3382 943 3440 o.

308 3481 493 3562 Ubicunque
517 3481 598 3544 arsis
621 3479 764 3564 praefixa
787 3500 905 3565 anceps
929 3487 995 3562 est,
1026 3479 1130 3545 eidem
1153 3481 1219 3563 legi
1243 3481 1375 3546 subdita
1399 3491 1453 3548 est

307 3591 402 3668 atque
431 3583 537 3650 exitus
566 3603 686 3668 anceps
713 3585 853 3649 colorum
876 3583 1123 3648 acatalectorum
1145 3583 1179 3648 in
1203 3582 1320 3648 mediis
1342 3587 1453 3650 versi—

306 3689 366 3753 bus
389 3688 628 3753 collocatorum:
656 3687 691 3752 in
713 3687 817 3778 primo
840 3686 962 3752 scilicet
983 3692 1158 3770 systemate
1178 3686 1210 3751 iu
1227 3685 1376 3752 omnibus
1393 3709 1451 3754 eo-

305 3791 345 3857 lis
375 3806 432 3876 pro
461 3789 601 3876 spondeo
625 3796 657 3855 et
679 3789 744 3854 arsi
767 3791 865 3872 longa
887 3789 1056 3855 trochaeus
1080 3796 1112 3855 et
1133 3789 1215 3853 arsis
1237 3789 1346 3854 brevis
1370 3793 1451 3875 poni

306 3901 447 3980 possunt,
475 3894 509 3958 in
531 3893 663 3976 reliquis
680 3893 863 3977 systematis
879 3893 923 3958 ibi
939 3899 1072 3973 tantum,
1101 3892 1155 3957 ubi
1170 3892 1203 3956 in
1218 3891 1320 3976 primo
1337 3901 1450 3977 syste-

306 4005 390 4064 mate
412 3998 517 4083 posita
540 4006 621 4077 sunt,
649 3996 723 4080 poni
746 4003 889 4081 possunt.

391 4100 486 4166 Initio
509 4108 617 4166 autem
640 4101 841 4186 stropharum
865 4101 947 4166 arsis
970 4101 1067 4182 longa
1089 4099 1141 4164 vel
1164 4117 1284 4182 anceps
1299 4099 1450 4182 praefixa

306 4211 355 4270 est
383 4204 572 4288 plerumque
600 4203 712 4269 eodem
742 4203 835 4269 modo
866 4209 962 4286 atque
992 4201 1138 4269 versibus
1168 4198 1340 4267 0V1str.
1369 4209 1389 4268 5
1418 4215 1452 4271 et

308 4305 364 4370 ΙΙ
388 4325 438 4389 ep.
466 4311 497 4368 5.
545 4307 625 4371 Sunt
646 4315 752 4372 autem
775 4305 853 4372 hae:
