3258 4924
807 436 1021 497 -13-

344 640 472 714 ρηεεῐο
494 640 586 690 sunt:
609 623 695 710 quod
718 625 750 688 iu
765 625 954 709 pryuuibus
970 625 1129 710 explieesi
1150 625 1192 690 ud
1214 649 1246 691 ιι.
1263 631 1324 692 431
1350 627 1397 713 (p.
1413 628 1480 710 33),

345 735 377 798 in
400 731 514 797 ceteris
535 744 643 794 utrum
665 751 743 792 casu
765 750 809 794 eu
831 730 956 795 ratione
978 732 1035 794 fiet
1057 732 1181 815 ignoro.

447 835 587 902 Pollucis
617 846 727 899 aulem
756 835 972 900 testimouium
995 846 1031 898 ut
1053 857 1109 900 ees
1130 861 1183 902 res
1210 838 1241 901 in
1265 839 1380 924 quibus
1403 841 1480 904 litu-

344 941 448 1006 lorum
471 941 610 1004 maxims
633 959 707 1024 pers
731 954 878 1005 versatur
898 961 941 1002 ne
962 941 1064 1025 tangit
1086 941 1224 1026 quidem.
1246 944 1292 1006 ile
1313 945 1482 1029 quaeipsis

344 1043 386 1110 de
409 1044 542 1108 diversis
565 1045 748 1108 contionum
771 1046 966 1126 argumentis
986 1043 1084 1109 habet
1107 1067 1126 1108 ιι
1148 1047 1248 1110 titulis
1270 1068 1335 1111 uon
1350 1069 1479 1124 maeno

343 1169 422 1234 pere
453 1148 726 1213 commendentur.
777 1147 859 1211 Xam
890 1148 932 1214 de
961 1148 1058 1213 rebus
1089 1151 1187 1213 sacris
1217 1172 1283 1214 non
1313 1152 1416 1215 solum
1447 1153 1481 1215 iu

344 1261 490 1337 quorls
511 1253 679 1338 prytaniae
702 1253 852 1316 contione
873 1266 980 1317 ectum
1003 1276 1074 1318 esse
1097 1255 1228 1338 (Ἀθήι.
1243 1254 1293 1319 Π
1310 1256 1401 1336 158),
1423 1255 1480 1321 sed

344 1357 441 1422 etium
463 1357 495 1421 in
517 1357 649 1441 prime
672 1357 804 1438 (lone)
826 1370 859 1420 et
880 1357 1063 1422 seeundo
1086 1359 1182 1440 (403)
1198 1359 1361 1439 videmus3
1385 1363 1481 1444 Asty·

344 1468 446 1524 orales
463 1458 607 1546 Delphus
631 1461 763 1546 eiusque
785 1461 862 1525 socii
884 1463 1046 1547 supplices
1062 1483 1127 1526 uon
1149 1464 1181 1526 in
1202 1465 1382 1528 secunda
1403 1485 1477 1528 oon·

345 1565 447 1629 lione.
479 1565 530 1628 oui
558 1565 635 1628 tolie
657 1564 775 1629 Pollux
805 1580 993 1651 argumenta
1024 1567 1151 1637 tribuit,
1183 1567 1242 1631 sed
1271 1569 1302 1631 in
1332 1575 1479 1652 quarta

344 1669 566 1754 producuntur
594 1667 663 1746 (die
691 1669 792 1734 XXX
822 1684 905 1754 pryt.
936 1693 967 1734 n.
994 1673 1071 1752 54l3
1100 1671 1237 1757 denique
1266 1671 1364 1756 legati
1392 1671 1480 1734 Poti-

344 1773 504 1838 deeetium
528 1774 599 1856 (58)
622 1779 655 1839 et
670 1773 846 1859 Cetriporis
861 1774 963 1856 (nob)
986 1777 1018 1838 iu
1041 1777 1189 1860 prims,
1212 1797 1276 1840 non
1299 1778 1331 1839 in
1355 1777 1480 1840 tertia

343 1877 566 1942 admittuntur.
611 1878 719 1962 Atque
751 1877 782 1941 id
805 1879 908 1962 ipsum
932 1881 1003 1962 quis
1026 1879 1135 1945 credet
1157 1881 1273 1963 legetis
1296 1889 1479 1944 exterarum

344 1982 519 2064 civitatum,
542 2001 675 2066 quorum
698 2003 781 2045 suec.
798 1980 828 2042 V
851 1989 883 2045 el
905 1981 954 2045 ll*
976 1993 1027 2047 set
1048 2005 1197 2068 magnum
1216 2005 1381 2048 numerum
1405 2004 1480 2048 cou-

343 2086 433 2150 tinuo
455 2085 525 2150 lore
539 2086 675 2150 Athenis
698 2095 858 2150 versatum
881 2107 953 2150 esse
967 2088 1094 2168 seimus,
1119 2089 1170 2151 sel
1192 2109 1227 2152 re
1247 2097 1382 2172 urgente
1403 2088 1478 2152 dum

345 2192 452 2254 oonlio
464 2190 629 2274 prytaniae
642 2190 734 2254 tertie
745 2190 911 2254 adveniret
922 2192 1063 2276 legitima
1076 2190 1325 2276 exspectandum
1340 2201 1480 2277 tempus·

345 2315 407 2380 quo
429 2292 596 2358 terendum
619 2291 741 2357 hiisse‘?

448 2397 650 2484 Quamquam
679 2398 892 2483 legationibus
914 2407 1096 2482 promptum
1118 2399 1240 2464 editum
1267 2421 1330 2464 nou
1354 2419 1479 2483 semper

344 2499 442 2567 luisse
463 2500 504 2566 ad
526 2509 672 2566 senatum
694 2503 922 2589 populumque,
949 2505 1005 2567 sed
1031 2525 1152 2568 moram
1174 2507 1221 2569 eis
1242 2525 1340 2589 saepe
1362 2503 1478 2568 leolam

343 2611 475 2692 propler
504 2606 705 2690 negotiorum
735 2607 933 2690 publicorum
963 2609 1080 2674 molem
1109 2610 1198 2694 queri
1227 2609 1375 2674 solebant
1401 2608 1478 2671 sooii

343 2707 579 2794 adversariique
593 2709 835 2774 Atheniensium
847 2711 869 2774 ¹:
893 2733 956 2796 quo
979 2723 1104 2796 speclal
1125 2713 1327 2778 iurisiurandi
1341 2711 1477 2776 formula

343 2821 469 2877 servata
500 2813 531 2876 in
562 2813 692 2880 loedere
724 2836 794 2878 eum
828 2813 1090 2906 Chalcidensibus
1124 2820 1186 2882 icto
1219 2817 1281 2901 (oe.
1314 2819 1355 2882 ol.
1388 2812 1477 2897 83,4)

345 2913 477 2980 CIAIV
493 2919 580 2982 ula:
610 2921 659 2982 καὶ
680 2919 842 2999 πρεσβείαν
865 2921 1021 2983 ἐλθοῦσαν
1037 2921 1176 3004 προσάξιο
1198 2919 1273 3006 πρός
1294 2917 1406 3005 βουλήν
1428 2923 1477 2983 καί

315 3019 444 3102 ,δῆμον
465 3019 538 3084 δέκα
561 3019 701 3104 ἡμερῶν,
731 3019 806 3086 ὅταν
837 3022 1031 3105 πρυτανεῦω,
1060 3023 1136 3089 κατὰ
1167 3024 1201 3089 sd
1230 3024 1369 3090 δυνατόν.
1413 3021 1477 3086 Sed

344 3143 382 3186 es
404 3122 472 3208 ipsa
495 3145 545 3188 res
568 3145 625 3209 pro
648 3125 856 3191 disertissimo
870 3126 984 3191 indicio
1008 3135 1056 3192 eet
1073 3137 1191 3194 oerlem
1214 3130 1380 3214 prytaniee
1403 3147 1478 3192 oon·

343 3225 461 3292 tionem
493 3227 521 3292 ei
551 3237 738 3314 argumento
772 3229 963 3296 destinatam
999 3233 1119 3296 nullam
1150 3233 1262 3298 luisse:
1296 3253 1406 3297 verum
1436 3252 1478 3295 ex
1507 3311 1515 3327 “
1621 3244 1622 3253 ’

344 3329 473 3396 arbitrio
504 3339 536 3398 el
565 3353 661 3418 saepe
691 3356 732 3400 ex
762 3336 866 3418 gretie
896 3335 979 3400 haee
1007 3337 1047 3400 eb
1076 3337 1325 3403 Atheniensibus
1353 3333 1476 3420 disponi

344 3455 414 3500 esse
438 3433 541 3500 solite.

446 3538 595 3624 Denique
616 3538 736 3604 relulat
758 3539 898 3606 Pollucis
921 3543 1018 3608 verbo
1037 3542 1203 3608 Aeschinis
1225 3544 1315 3609 loeus
1343 3543 1413 3609 123
1436 3543 1476 3608 de

343 3666 446 3710 rerum
476 3645 508 3710 in
539 3645 687 3710 contione
716 3647 911 3728 agendarum
943 3649 1068 3714 ordine:
1107 3653 1156 3713 καὶ
1186 3656 1249 3727 πῶς
1277 3649 1314 3713 de*
1344 3646 1476 3734 (inquil)

343 3745 455 3814 κελεύει
478 3747 517 3832 (o'
540 3747 651 3832 νόμος]
678 3747 750 3827 τούς
779 3749 941 3834 προέδρους
967 3755 1187 3836 χρηματίζεινς
1217 3749 1339 3818 ἐπειδᾶν
1367 3751 1402 3816 τό
1424 3779 1477 3817 κο-

343 3849 473 3934 θάροιον
503 3859 691 3942 περιενεχθῇ
719 3857 767 3918 καὶ
797 3853 812 3918 d
843 3860 934 3938 κῆρυξ
964 3853 1018 3934 τὰς
1048 3858 1191 3939 πατρίους
1221 3853 1314 3940 εὐχὰς
1344 3853 1476 3938 εὔξηται,

343 3964 587 4040 προχειροτονεῖν
608 3957 717 4023 κελεύει
749 3957 820 4036 τούς
850 3959 1015 4041 nont-'domic
1044 3965 1111 4042 περὶ
1141 3959 1229 4042 ἱερῶν
1260 3963 1321 4024 τῶν
1343 3960 1479 4040 πατρίων

343 4061 392 4124 καὶ
416 4057 526 4124 halwil
548 4065 598 4126 eoi
619 4060 721 4148 κήρυξι
741 4067 790 4128 καὶ
813 4065 991 4147 πρεσβείαις,
1014 4067 1063 4128 καὶ
1077 4065 1157 4145 μετοὶ
1181 4071 1278 4128 ταῦτα
1298 4066 1439 4150 ἐπερωτᾷ
1459 4061 1475 4126 d

449 4175 625 4286 ¹*effi-Xon]
644 4219 678 4270 de
697 4235 753 4286 rep.
774 4219 835 4271 Alh.
857 4219 900 4272 111
920 4221 934 4273 1
953 4235 1012 4289 sqq.

446 4303 457 4338 ²
476 4302 520 4356 Sic
532 4313 607 4357 recle
619 4305 765 4372 Beuseler3
784 4305 863 4358 codd·
876 4325 990 4377 πατρίων
1001 4313 1041 4361 seui
1060 4332 1082 4360 x.
1095 4332 1117 4360 κ.
1131 4331 1174 4379 πρ.
1187 4314 1226 4361 seui
1240 4305 1322 4360 dolor.
1348 4305 1475 4359 Celerum

344 4387 379 4444 ol.
397 4387 432 4442 de
451 4389 477 4444 h.
496 4391 513 4442 1.
532 4389 629 4444 Hurlel
649 4392 717 4446 stud.
737 4393 814 4446 Dem.
833 4393 861 4445 11
879 4392 912 4446 67
930 4409 991 4462 sqq.
1046 4455 1051 4464 ,
