3226 4932
603 453 642 464 .-
692 415 776 499 [aas]
824 453 864 462 -
1259 418 1300 479 ιο

168 607 325 674 ontionem
337 611 445 672 autem
462 623 553 671 snam
571 625 611 672 er
622 605 785 671 veteribus
798 604 928 670 scholiis
940 605 1135 690 compilavit:
1156 609 1308 671 τουτέστι

168 708 228 776 τὸν
242 703 349 791 ὕμνον
366 703 424 773 τὸν
446 705 570 791 γλυκὺν
592 709 649 772 καὶ
672 706 714 772 τὰ
737 707 844 792 δῶρα
868 715 928 774 τοῦ
946 705 1130 790 Ψαύμιὸος,
1156 712 1308 773 τουτέστι

169 809 285 878 καὶτὸ
310 812 461 897 debeor,
493 805 512 875 ὅ
534 833 589 876 σοι
611 811 769 897 δωρεῖται
792 804 809 876 ὁ
837 814 980 893 caepa.
1029 805 1139 876 ἄωτον
1161 810 1197 876 δὲ
1221 811 1309 896 λέγει

170 915 230 982 τὸν
251 911 367 997 ὕμνον,
396 912 436 980 ὃν
458 913 566 998 δῶρόν
589 936 674 1001 φησι
696 921 757 981 τοῦ
782 912 955 996 Ψαύμιδος
978 911 1065 997 πρὸς
1088 908 1218 1001 αὐτήν.
1240 965 1246 979 .
1269 965 1302 978 ..

171 1019 264 1087 Unde
287 1018 460 1102 suspiceris
482 1017 656 1084 Pindarum
679 1018 722 1083 od
746 1013 857 1083 ἄωτον
879 1015 1018 1102 γλυκύν,
1051 1018 1092 1084 de
1121 1037 1183 1101 quo
1213 1038 1307 1083 versu

170 1123 271 1208 primo
285 1121 435 1204 loquitur,
463 1119 570 1204 δῶρον
591 1121 801 1206 appositionis
824 1121 893 1186 loco
915 1121 1092 1187 addidisse.
1139 1121 1231 1200 Quod
1254 1141 1307 1185 as-

170 1225 334 1309 sequimur
356 1223 533 1289 scribentes
560 1221 712 1305 Ψαύμιος
735 1221 772 1287 τὸ
796 1223 913 1307 δωρον.

259 1323 472 1408 91011168

370 1434 475 1514 πατρί
493 1429 502 1496 ,l
528 1426 660 1513 ἑορτάν.
708 1430 757 1507 31,
785 1429 844 1508 ab,
873 1433 929 1514 tp,
957 1432 1031 1510 tor,
1061 1433 1105 1496 li.

259 1533 297 1598 ln
319 1532 378 1598 hoo
401 1551 512 1615 versu,
546 1552 617 1598 cnm
640 1533 807 1616 longarum
830 1539 863 1598 et
883 1533 1026 1598 brevium
1050 1535 1135 1601 idem
1157 1555 1308 1600 numerus

174 1638 215 1703 sit
236 1637 270 1703 in
293 1635 439 1701 versibus
462 1635 638 1720 parallelis,
665 1635 770 1700 exitus
791 1634 1000 1718 imperfectus
1022 1657 1060 1702 eo
1082 1639 1187 1703 minus
1206 1639 1308 1704 offen-

173 1741 236 1822 dit,
270 1739 345 1824 quia
373 1739 570 1805 masculinus
600 1737 666 1804 exit
693 1738 727 1802 in
749 1751 781 1802 -ῖ
807 1737 908 1804 dativi
937 1739 1125 1823 singularis,
1159 1742 1213 1824 qui
1236 1761 1308 1806 sae-

174 1844 307 1930 pissime
341 1849 502 1926 comparet
534 1842 568 1906 in
592 1838 618 1907 0
641 1840 672 1904 X
705 1849 737 1907 et
759 1839 787 1906 P
810 1842 856 1924 V,
893 1841 948 1906 ubi
982 1843 1122 1909 exitibus
1155 1845 1307 1910 brevibus

174 1945 330 2030 quaesitis
360 1945 465 2010 exitus
487 1943 666 2031 imperfecti
687 1951 896 2024 excusantu1·;
930 1945 963 2010 in
986 1944 1013 2011 0
1036 1946 1067 2010 X
1089 1947 1228 2030 quinque
1251 1947 1309 2011 da—

175 2049 232 2116 tivi
253 2050 288 2114 in
310 2059 342 2112 -ῖ
362 2047 581 2130 inveniuntur,
615 2047 647 2112 in
669 2045 699 2111 P
721 2048 749 2112 V
771 2054 929 2130 quattuor.
977 2050 1082 2132 Atque
1112 2049 1238 2115 omnino
1260 2057 1308 2115 te-

173 2152 314 2220 nendum
343 2156 393 2217 est
422 2151 455 2216 in
484 2151 596 2234 paucis
625 2150 764 2216 exitibus
793 2150 1008 2236 imperfectis,
1045 2171 1124 2236 quos
1153 2153 1309 2218 Pindarus

175 2257 287 2336 babet,
319 2265 351 2317 -ῖ
373 2253 472 2319 multo
496 2253 625 2338 saepius
653 2253 868 2339 deprehendi,
905 2276 999 2338 quam
1032 2263 1146 2322 natura
1179 2255 1309 2338 linguae

176 2360 268 2426 ferat.
316 2357 401 2422 Nam
430 2356 463 2421 in
485 2355 640 2440 Aeschyli
662 2357 832 2422 Persarum
859 2362 917 2422 105
949 2358 1090 2424 exitibus
1115 2357 1310 2444 imperfectis

176 2470 251 2528 sunt
273 2465 313 2523 50
331 2465 362 2540 ᾰ,
391 2462 429 2524 18
446 2470 468 2540 ῖ,
498 2462 536 2524 18
553 2483 581 2542 ο,
612 2464 649 2523 15
666 2483 692 2540 ε,
720 2461 784 2542 tt,
811 2460 844 2526 in
867 2461 1074 2546 epiniciorum
1096 2468 1202 2528 autem
1231 2465 1305 2524 100:

177 2570 217 2630 34
242 2566 272 2646 ἅ,
307 2565 347 2626 32
371 2574 393 2644 r,
427 2563 467 2626 20
491 2585 517 2646 a,
554 2565 593 2625 12
616 2586 645 2642 ο,
680 2564 752 2645 λὺ,
788 2582 922 2645 quorum
952 2564 1117 2656 hueusque
1143 2563 1311 2630 reiecimns

175 2667 272 2734 variis
302 2665 472 2753 decausis
498 2670 536 2730 10
561 2667 597 2748 ἄ,
632 2669 698 2730 3ῑ.
747 2665 784 2730 In
812 2667 952 2750 quinque
982 2675 1087 2732 autem
1118 2666 1312 2732 carminibus

177 2769 280 2848 0VI,
315 2767 341 2834 0
365 2769 452 2846 VIII,
483 2769 570 2850 NV,
605 2768 630 2833 Ν
655 2769 741 2848 VIII,
775 2767 802 2832 N
824 2770 855 2834 X
879 2777 911 2835 et
932 2769 1139 2854 probabiliter
1161 2769 1257 2834 etiam
1279 2769 1313 2833 in

177 2874 261 2939 PX
289 2871 447 2936 Pindarus
469 2872 576 2938 nullos
599 2872 703 2938 exitus
725 2872 928 2956 imperfectos
951 2873 1014 2938 nisi
1035 2873 1067 2938 in
1089 2883 1121 2937 -ῖ
1151 2873 1212 2938 sibi
1238 2891 1314 2938 oon·
1421 2867 1424 2874 ’

178 2977 285 3042 cessit.
334 2973 428 3040 Unde
456 2975 541 3040 idem
573 2975 613 3041 de
643 3001 655 3040 ι
684 2977 787 3041 vocali
814 2977 905 3041 brevi
932 2975 1025 3040 nobis
1055 2976 1199 3041 conicere
1226 2975 1311 3056 lieet,

180 3079 265 3161 quod
296 3079 337 3143 de
360 3103 380 3144 v
401 3078 504 3143 vocali
526 3079 615 3144 brevi
638 3079 682 3144 ad
704 3077 730 3145 0
752 3079 785 3144 II
808 3083 847 3143 25
879 3078 1118 3158 adnotavimus,
1154 3079 1176 3142 i.
1202 3099 1232 3143 e.
1257 3097 1315 3142 na-

179 3190 283 3248 turam
315 3206 327 3244 ι
355 3180 476 3246 vocalis
505 3201 576 3246 eam
604 3181 857 3266 productionem,
894 3201 977 3265 quae
1013 3189 1193 3247 constanter
1220 3180 1255 3245 lit
1282 3180 1316 3244 in

180 3285 243 3351 fine
266 3303 435 3364 versuum,
469 3283 527 3349 sed
556 3285 649 3350 modo
678 3285 780 3350 maior
805 3285 899 3350 modo
921 3285 1024 3349 minor
1045 3292 1113 3366 est,
1147 3283 1316 3350 admisisse

180 3387 327 3472 quidem;
362 3386 420 3451 sed
443 3385 591 3452 concludi
613 3395 717 3472 potest
746 3407 858 3453 versus
888 3407 960 3469 eos,
994 3388 1049 3470 qui
1071 3389 1159 3454 exire
1182 3394 1318 3471 possunt

179 3493 212 3556 in
237 3515 249 3554 ι
270 3490 323 3555 vel
344 3513 365 3553 ο
387 3491 533 3570 brevem,
561 3491 801 3573 productionem
823 3492 920 3577 paulo
943 3491 1095 3556 minorem
1110 3491 1152 3556 in
1173 3489 1236 3554 fine
1259 3489 1317 3552 ho-

181 3593 291 3659 buisse
315 3612 410 3675 quam
433 3593 506 3658 illos
529 3612 658 3672 versus,
697 3593 750 3658 ubi
773 3593 879 3660 e'xitus
901 3594 1079 3678 imperfecti
1102 3595 1228 3660 omnino
1252 3593 1319 3657 evi-

179 3703 295 3762 tantur.

272 3796 478 3882 ropoxm
522 3780 958 3863 υὲυυ--ι--ιυε

314 3926 369 3967 sn.
390 3898 456 3965 o'l
481 3907 531 3978 τίς
554 3898 617 3987 γὰρ
642 3901 794 3980 ἱππείοις
818 3903 854 3970 ἐν
877 3903 1029 3970 ἔντεσσιν
1050 3909 1166 3988 μέτρα,

313 4030 369 4071 τοι.
387 4003 418 4086 β’
437 4011 455 4068 4
481 3999 566 4070 ὅσσα
589 3999 622 4067 τ’
649 4005 685 4071 ἐν
707 4008 897 4094 Δελφοῖσιν
920 4000 1138 4091 ἀριστεύσατε

315 4133 370 4175 erc.
389 4107 454 4191 y'l
478 4105 620 4184 Παλλὰς
645 4103 770 4196 ἤνεγκ’·
805 4109 841 4190 ἐξ
863 4105 997 4196 ὀνείρου
1020 4105 1053 4176 d'
1080 4105 1199 4176 αὐτίκα

314 4235 369 4277 erc.
389 4209 416 4275 d'
434 4219 452 4276 4
478 4210 621 4292 τοξόταν
642 4209 778 4295 βάλλων
800 4225 991 4298 γυναικεῖον
1013 4213 1159 4297 στρατόν

313 4341 368 4381 err.
387 4313 411 4378 ε’
436 4309 677 4391 -1τιόλιεςᾶτ’
703 4313 840 4400 Εὔβοια.
882 4319 938 4383 καὶ
963 4325 1081 4383 πᾶσαν
1102 4315 1188 4384 κατά
