3274 4934
749 395 960 454 -50-

286 581 425 646 iunctum
444 601 517 646 esse
531 581 694 646 offendere
710 581 831 663 nequit,
860 580 1009 662 quoniam
1025 580 1179 664 oppidum
1195 581 1276 645 illud
1293 581 1424 644 sollem-

286 683 369 748 niter
384 681 457 769 ἱερὰ
480 681 577 770 utiq
601 681 730 770 Συήνης
749 682 919 770 (iccirco,
939 681 1078 770 Συήνης)
1098 683 1190 748 audit
1205 683 1327 765 [conset
1340 704 1369 748 e.
1387 705 1419 766 g.

288 788 369 854 c.1.
397 788 600 872 (14884111.
635 789 702 852 lam
724 787 864 854 cum‘de
891 787 1096 852 nominativis
1124 788 1259 872 cogitari
1285 795 1424 870 nequeat

287 891 454 958 deliciante
469 893 670 976 praedicato,
696 891 847 956 Catilium
869 892 1006 956 insulam
1022 898 1119 974 atque
1133 891 1287 976 oppidum
1303 891 1423 974 alloqui

288 1015 389 1078 eaque
420 1017 504 1078 quae
528 997 560 1061 iu
589 996 732 1061 carmine
761 996 859 1060 Kaib.
883 1017 915 1060 n.
941 999 1005 1058 979
1034 997 1144 1061 valere
1166 996 1255 1060 iubet
1284 996 1424 1060 salutare

287 1099 460 1166 verisimile
475 1107 535 1166 est.
568 1100 710 1166 Caesura
732 1119 845 1165 versus
866 1101 1016 1183 neglecta
1030 1099 1149 1165 nomini
1166 1099 1293 1184 proprio
1308 1099 1425 1163 condo

286 1209 388 1270 uetur.

375 1309 415 1372 V.
434 1313 453 1373 3
477 1304 635 1372 ἐπελθών
657 1307 784 1372 Frauzii
808 1308 1077 1393 supplementum,
1097 1307 1149 1372 cui
1165 1307 1281 1372 Kaibel
1303 1307 1426 1370 Νείλου

288 1413 339 1494 d'e')
360 1411 497 1492 addidit,
516 1411 673 1476 refutatur
687 1411 826 1478 lectione'
846 1406 1015 1492 ἀπέχθων
1037 1406 1200 1494 ἀμβολὰς.
1226 1411 1298 1488 Qua
1312 1411 1345 1476 in
1365 1431 1423 1476 ex-

289 1515 440 1600 plicanda
455 1515 588 1580 haereo:
604 1535 796 1598 quamquam
814 1511 982 1597 ἀπέχθιον
996 1515 1081 1581 idem
1097 1514 1278 1598 siguificare
1294 1535 1332 1579 ac
1346 1513 1425 1578 sim-

290 1621 366 1706 plex
384 1617 499 1701 ἔχθιον
520 1619 618 1685 lacile
633 1620 815 1686 statuimus.

375 1723 614 1808 Supplemeutis
637 1743 686 1788 vs.
705 1729 789 1787 4-6
812 1724 945 1808 prolatis
966 1743 1114 1788 versuum
1137 1742 1266 1787 sensnm
1287 1723 1425 1787 assecuti

290 1847 363 1893 esse
380 1827 438 1892 viri
454 1827 539 1892 docti
556 1825 719 1897 videntur:
739 1833 824 1892 certe
843 1839 1011 1908 μνσμεῑον
1022 1826 1106 1910 quod
1115 1825 1283 1891 Kaibelius
1298 1831 1358 1888 us
1375 1845 1427 1890 re-

291 1931 397 2016 posuit
409 1931 516 1996 verbis
529 1937 644 2017 μνῇμα
659 1937 717 2017 τῆς
728 1928 860 2017 μνήμης
876 1928 975 2014 χάριν
990 1928 1099 2008 ἔτευξε
1114 1937 1213 1994 τοῦτο
1229 1929 1299 1992 κτλ.
1320 1929 1424 1994 'Kaio

291 2057 323 2100 u.
343 2039 405 2098 424
427 2055 458 2100 v.
478 2038 508 2118 2)
535 2035 786 2100 commendatur.
831 2035 935 2100 Partis
962 2055 1038 2100 vero
1061 2034 1246 2120 posterioris
1272 2039 1425 2117 quantum

291 2159 331 2204 ex
347 2139 490 2222 reliquiis
504 2139 649 2222 intellegi
665 2145 780 2224 potest,
799 2145 894 2223 poeta
909 2139 1086 2204 sententias
1101 2137 1143 2202 ad
1158 2158 1262 2203 mores
1278 2145 1427 2222 spectan-

291 2249 340 2308 tes
355 2241 482 2308 addidit
496 2249 593 2324 atquc
609 2243 728 2306 homini
744 2242 797 2327 pio
812 2243 927 2308 bonam
952 2243 1108 2307 fortunam
1129 2249 1162 2306 ct
1177 2241 1307 2306 deorum
1324 2241 1427 2306 homi-

291 2366 429 2430 numque
446 2347 589 2430 praemia
603 2353 763 2431 precatur.
796 2345 962 2444 Quomodo
988 2353 1095 2411 autem
1112 2345 1146 2410 hi
1161 2363 1274 2410 versus
1289 2351 1322 2410 et
1336 2351 1428 2410 aute-

293 2450 480 2516 oedeutibus
496 2449 614 2515 adnexi
630 2449 695 2514 sint
709 2457 742 2514 et
756 2449 839 2514 inter
854 2469 889 2514 sc
905 2449 1074 2526 coniuncti,
1094 2469 1206 2534 pamm
1222 2449 1331 2531 liquet.
1356 2449 1425 2512 V.7

296 2555 336 2620 ob
351 2553 556 2637 negationem
572 2550 617 2640 μή
634 2553 791 2638 particula
810 2573 893 2634 quae
909 2553 1080 2618 antecedat
1094 2551 1124 2617 ελ
1139 2555 1191 2618 vel
1214 2551 1329 2617 similis
1344 2551 1431 2616 desi-

294 2658 433 2726 deratur.
467 2657 581 2722 Verbis
596 2655 638 2721 τὰ
661 2653 748 2742 πρὸς
763 2661 860 2733 θεοῖς
876 2677 959 2740 quae
976 2657 1111 2722 tortasse
1126 2677 1196 2722 cum
1214 2655 1429 2736 συνέζευκται

292 2763 456 2844 iungenda
476 2769 613 2828 suut-
635 2761 872 2827 Wilamowitnii
898 2762 1122 2846 supplementa
1143 2758 1284 2848 μισησὸς
1312 2755 1428 2838 ἀστοῖς

295 2859 372 2946 ἐστ’,
401 2859 538 2952 ἇνιορὸς
554 2871 650 2942 θεοῖς
666 2865 741 2973 leni
757 2873 920 2948 nequeunt
933 2903 977 2914 --
991 2865 1211 2948 significantur
1233 2866 1361 2931 deorum
1378 2865 1429 2929 iu-

295 2969 406 3036 stituta
425 2989 465 3036 ao
489 2971 589 3054 leges.
628 2971 668 3034 V.
689 2973 727 3032 10
750 2969 912 3054 optativus
932 2967 1004 3051 ἔχοι
1025 2990 1119 3052 quem
1143 2969 1259 3034 Kaibel
1286 2967 1429 3053 recipere

294 3093 393 3140 ausus
416 3095 478 3139 nou
501 3081 566 3156 est,
592 3094 654 3139 uon
681 3073 786 3156 magis
805 3093 902 3155 quam
926 3095 957 3138 v.
980 3077 1018 3136 12
1034 3071 1135 3152 σώζοι
1157 3073 1300 3138 offendit.
1330 3073 1369 3136 V.
1391 3077 1423 3135 11

296 3198 367 3242 cum
384 3177 416 3242 iu
432 3177 522 3243 initio
535 3175 646 3241 CKAl
667 3177 836 3260 legeretur,
857 3177 1095 3242 Wilamowitzii
1110 3185 1142 3242 et
1153 3176 1282 3242 Franzii
1298 3177 1430 3260 supple-

297 3289 437 3348 mentum
465 3282 565 3368 φίλος
587 3287 740 3367 βροτοῖσι
763 3281 795 3345 in
821 3281 920 3367 φίλος
942 3305 977 3344 τε
1001 3286 1144 3356 θνατοῖς
1172 3281 1267 3346 facile
1296 3279 1428 3344 mutavi.

297 3386 334 3450 V.
350 3389 388 3448 12
400 3385 484 3470 quod
502 3386 552 3452 bis
568 3386 720 3470 scriptum
739 3391 790 3450 est
803 3382 876 3448 ΚΑΙ
896 3405 960 3450 uon
979 3385 1189 3450 describentis
1211 3391 1369 3463 osterum,
1396 3383 1431 3449 id

296 3488 381 3572 quod
397 3495 489 3575 putat
504 3489 631 3572 Kaibcl,
651 3509 762 3556 verum
778 3487 941 3574 lapidarii.

843 3711 869 3780 0

382 3835 463 3901 (1.1.
490 3835 529 3899 G.
549 3835 681 3898 49241).
699 3835 773 3898 coll.
807 3833 892 3898 Add.
910 3835 958 3900 111
980 3857 1012 3919 p.
1035 3837 1127 3899 1227.
1162 3835 1279 3900 Kaibel
1300 3835 1425 3899 11979.

297 3939 432 4024 Lepsius
448 3939 491 4004 VI
506 3939 572 4005 tab.
592 3941 631 4003 87
649 3939 706 4002 Gr.
725 3941 798 4002 257.
824 3939 983 4024 Ectypum
1003 3938 1133 4004 contuli.

382 4062 420 4126 V.
444 4065 454 4123 1
486 4056 776 4144 ΚΑΜο1ΚΑΜΕ.
811 4061 848 4124 V.
869 4063 888 4121 2
907 4057 1115 4142 crudos}
1137 4057 1162 4122 Ε
1171 4058 1197 4120 Γ
1198 4055 1340 4121 ΜΑΘΕ.

384 4199 575 4265 Letronuius
590 4205 622 4264 et
637 4197 792 4264 Francius
805 4218 931 4263 carmen
945 4197 1037 4263 tertio
1052 4197 1136 4262 inter
1148 4195 1254 4262 Catilii
1269 4195 1433 4281 epigram-

298 4309 385 4368 mata
399 4303 478 4385 loco,
498 4301 669 4368 Kaibelius
685 4303 787 4368 altero
803 4309 986 4387 posuerunt.
1009 4303 1058 4366 Ex
1070 4299 1245 4366 carminum
1261 4299 1293 4364 in
1309 4298 1432 4384 pariete
