3274 4934
771 379 986 442 ..18-

311 567 348 630 V.
367 566 493 635 sinino
506 573 634 652 praeter
648 567 801 652 Lepsinm
817 567 915 632 etiam
930 567 1110 633 Poeoekins
1121 569 1139 646 ¹)
1160 566 1281 632 Saltins
1295 565 1445 638 L'Hirtius

309 679 383 740 ante
399 691 508 738 vocem
521 675 613 738 euim
627 671 767 738 litteram
781 670 789 734 Ι
804 672 971 757 praebent.
989 670 1054 737 Sed
1066 671 1238 756 Balbillam
1252 676 1361 752 eontra
1376 688 1446 734 me

308 783 390 840 trnm
407 773 458 840 ἔνι
472 777 565 840 extat
586 773 753 859 scripsisse
769 775 945 844 verisimile
965 794 1029 842 non
1049 781 1115 852 est3
1141 774 1247 859 potins
1269 793 1309 842 ex
1329 779 1444 858 ectypo

308 879 433 963 probari
449 877 579 944 videtur
593 878 766 962 lapicidam
789 878 850 944 hoe
865 879 936 944 loeo
954 878 1068 944 leviter
1083 877 1241 944 erravisse
1256 883 1352 962 atque
1366 877 1445 942 sim-

306 981 432 1066 pliciter
448 981 484 1048 ἰν
499 986 591 1047 σκίαι
606 983 809 1048 scribendum
825 1002 909 1048 esse.
929 1019 968 1030 -
986 983 1024 1048 V.
1049 986 1088 1046 12
1110 979 1285 1066 Adptovoc
1306 976 1442 1054 ποσάκις

305 1079 338 1149 δ’
357 1081 559 1151 duodenam
582 1107 666 1168 qnae
683 1086 875 1152 lenonnius
897 1087 1040 1172 reposuit
1061 1085 1241 1180 pedestrem
1264 1103 1440 1151 sermonem

304 1189 459 1256 redolent.
477 1189 573 1254 Bailii
589 1189 815 1255 correctionem
824 1184 999 1276 Ἀδρίανος
1013 1187 1112 1276 χάρε·
1131 1189 1182 1266 δὶς
1197 1183 1229 1253 δ’
1240 1181 1442 1252 desiderante

304 1292 367 1357 ianr
390 1292 507 1358 Kaibel
528 1291 641 1358 merito
664 1294 817 1379 explosit3
843 1293 898 1377 qni
918 1293 1003 1378 qood
1023 1293 1095 1378 ipse
1110 1313 1182 1358 enm
1197 1289 1441 1356 Witamowitnio

305 1394 410 1462 dedit:
433 1394 482 1460 2²1.
492 1395 612 1484 χήραις
628 1389 661 1460 d’
679 1395 892 1480 dorcecestria,
912 1397 1038 1462 etiamsi
1053 1395 1206 1482 optimum
1222 1415 1351 1462 sensum
1367 1393 1441 1460 red-

304 1498 370 1580 dat,
390 1498 523 1566 formam
540 1495 659 1586 χήραις
673 1499 728 1566 rix
744 1500 891 1584 cuiqnam
906 1501 1130 1566 eommendare
1145 1499 1295 1584 potnerit.
1323 1497 1439 1577 Veram

304 1609 411 1668 autern
428 1603 597 1670 lectionem
614 1598 790 1688 Ἀδρλαιιος
804 1599 874 1669 τότ’
894 1599 969 1680 ἅλις
989 1597 1021 1668 δ’
1040 1598 1123 1668 rien.
1140 1603 1264 1688 pridem
1280 1601 1440 1666 Hetfterns

303 1705 470 1773 invenerat
476 1709 497 1790 ²}
507 1758 513 1770 .
524 1745 568 1754 —
582 1708 622 1773 V.
636 1711 674 1770 13
690 1708 881 1773 Maeonios
893 1707 1048 1773 Franzius
1063 1707 1181 1773 Kaibel
1196 1705 1278 1771 Ellis
1288 1707 1310 1788 ³)
1326 1725 1439 1787 qnam-

302 1807 351 1874 ris
366 1809 492 1875 diverso
507 1809 601 1876 modo
616 1811 784 1876 restituere
800 1811 905 1877 eonati
919 1831 1030 1876 omnes
1044 1817 1151 1876 tamen
1163 1815 1291 1894 praeter
1302 1807 1440 1873 Hadria-

301 1931 375 1976 nnm
385 1933 501 1980 novum
509 1913 687 1980 subiectum
696 1913 869 1979 Balbillam
877 1913 910 1979 in
920 1915 1084 1999 periodum
1096 1912 1296 1980 invexerant.
1314 1909 1438 1976 Sedhie

300 2035 427 2098 quoqne
449 2017 612 2083 Heffterns
624 2018 647 2101 ⁴)
673 2037 745 2082 enm
766 2016 977 2084 Boissonadio
997 2016 1113 2084 doetus
1132 2024 1199 2083 tum
1219 2015 1352 2082 traditos
1367 2035 1438 2079 om-

300 2119 387 2183 nium
402 2119 521 2204 optime
532 2120 746 2204 transcripsit,
765 2141 836 2187 eum
847 2128 1051 2207 proponeret:
1070 2113 1135 2185 κᾶν
1148 2117 1287 2195 στάλαις
1299 2117 1320 2184 ἃ
1332 2115 1438 2199 ιιάμειι

299 2215 487 2307 desperaro.
543 2224 625 2290 Nam
661 2244 738 2290 vera
771 2224 865 2291 lectio
905 2231 970 2290 ent:
1017 2217 1082 2290 κᾶν
1117 2219 1238 2288 aceiae
1272 2219 1437 2286 κάλλιπεν

298 2319 477 2410 ὀψιγόνοις
511 2325 714 2412 γρόιιιτατα,
755 2328 871 2412 quibus
904 2327 938 2394 in
973 2329 1080 2394 verbis
1118 2325 1226 2391 στάλα
1259 2323 1437 2390 Memnonis

297 2429 476 2494 antemnam
499 2429 670 2513 signifieat.
717 2429 833 2497 Cetera
853 2431 972 2517 optime
993 2431 1036 2498 ad
1057 2429 1247 2496 sententiam
1263 2427 1433 2511 quadrant.

297 2532 387 2596 -V.
400 2537 436 2596 11
454 2529 552 2598 ΕΥΓ
554 2530 642 2614 ine,
656 2533 742 2618 quod
750 2535 875 2604 Baitios
886 2534 1019 2601 tradidit
1029 2533 1293 2618 transcripsitqoe
1305 2525 1343 2596 sii
1343 2530 1431 2610 fede,

299 2634 413 2700 Kaibel
428 2635 497 2702 iure
513 2643 703 2720 aspernatos
719 2643 780 2703 est.
804 2638 909 2704 Etiam
926 2638 1029 2704 forma
1043 2637 1147 2702 δᾶλοιι
1161 2658 1193 2702 r.
1207 2641 1245 2700 15
1260 2656 1317 2720 pro
1332 2633 1437 2720 δῆλον

298 2738 393 2804 Bailii
409 2747 587 2804 commento
601 2739 747 2806 debetur.

348 2999 383 3136 kd
407 2996 438 3052 In
468 2997 591 3052 Kaibetii
622 2999 804 3055 adnotatione
827 3001 1021 3069 corrigendam
1051 3007 1109 3056 est:
1130 3004 1156 3052 o.
1178 3002 1351 3054 ’1..1οΚΙΑΙ
1376 2997 1431 3051 Po·

296 3099 345 3136 eoe
369 3099 393 3138 e.

362 3169 382 3233 ²)
403 3187 430 3224 v.
447 3170 594 3237 Letronne,
614 3172 679 3226 nee.
694 3173 723 3228 11
735 3189 762 3242 p.
779 3175 839 3227 354.

362 3255 383 3320 3)
403 3272 430 3310 v.
446 3256 561 3312 Hermes
574 3257 640 3313 XIV
652 3274 679 3326 p.
695 3261 760 3312 26⁰:
780 3256 948 3332 κιλνεχιὲριιξ’
966 3255 1154 3329 {prandiam
1169 3255 1269 3316 πόνοις
1281 3263 1333 3311 eet.

361 3344 380 3406 ⁴)
402 3359 429 3394 v.
445 3344 584 3398 Lntronne
597 3343 614 3397 Ι.
630 3345 649 3398 1.
