3258 4924
696 496 887 553 -6-

224 683 355 764 315(1);
388 685 449 746 116
471 681 582 764 (109,4
607 711 646 734 =
671 681 802 762 34110);
829 684 888 745 117
912 681 1019 764 (110,1
1047 710 1087 734 =
1111 683 1265 764 340j39),
1297 685 1360 747 222

157 867 163 876 ·
222 789 324 869 (caret
347 795 443 871 temp.
466 787 565 866 nota).
609 785 728 850 Mensis
750 791 858 849 autern
887 785 954 850 dies
981 807 1043 848 non
1072 786 1188 868 legitur
1217 796 1291 850 ante
1319 788 1360 850 οΙ.

227 893 319 973 110,3
342 917 382 942 =
408 891 505 968 33817
536 911 565 953 ιι.
592 891 662 953 121.
708 887 807 970 (Nam
836 911 867 953 n.
900 891 960 952 120
989 909 1051 952 ιιοιι
1082 889 1219 973 pertinet
1248 889 1290 953 ad
1319 891 1360 954 ol.

226 997 337 1074 110,1:
361 993 434 1058 vide
457 1013 538 1078 quae
561 993 712 1056 adnotavi
735 992 775 1055 ad
798 992 882 1055 hunc
906 991 1057 1071 titulum).

326 1097 406 1187 Inde
427 1097 468 1161 ab
490 1095 549 1160 hoc
571 1103 714 1181 tempore
728 1103 760 1159 et
777 1095 892 1160 mensis
908 1101 940 1158 et
955 1095 1123 1180 prytaniae
1145 1095 1211 1160 dies
1226 1097 1361 1161 decretis

193 1253 198 1266 ,
223 1199 409 1285 praescripti
431 1207 504 1263 sunt
526 1199 670 1283 exceptis
692 1197 860 1280 nonnullis,
884 1199 916 1261 in
939 1198 1053 1282 quibus
1075 1199 1232 1284 antiquior
1251 1201 1362 1264 modus

223 1309 367 1368 servatus
389 1309 453 1366 est:
482 1323 534 1366 nn.
561 1303 620 1365 124
650 1301 704 1382 (ol.
733 1305 823 1382 110,4
847 1331 885 1354 τ
911 1301 1039 1382 337s6);
1067 1304 1143 1383 1263
1176 1305 1254 1386 ¹213
1285 1306 1361 1382 1283

227 1409 287 1469 168
317 1403 374 1488 (01.
405 1407 498 1488 111,4
522 1434 561 1456 z
587 1405 719 1486 33312);
740 1405 945 1488 paucissimis
971 1403 1105 1468 decretis
1134 1405 1219 1468 solus
1247 1407 1363 1468 mensis

224 1507 291 1574 dios
312 1509 554 1594 praescribitur:
577 1531 608 1573 n.
632 1511 712 1590 2383
736 1511 814 1587 2443
838 1511 918 1590 3153
941 1511 981 1573 of.
998 1530 1028 1572 ιι.
1048 1511 1107 1571 162
1124 1509 1185 1592 frg.
1201 1509 1296 1572 abv.
1313 1510 1361 1572 11.

328 1615 398 1680 Iam
420 1615 590 1700 adgrediar
612 1614 653 1678 ad
676 1615 816 1697 singulos
838 1615 945 1679 titulos
968 1613 1158 1677 tractandos.
1189 1615 1279 1687 Quae
1301 1613 1362 1678 dis·

224 1719 350 1806 quisitio
380 1719 524 1804 inprimis
545 1717 725 1782 versabitur
753 1719 786 1780 in
815 1717 1043 1800 investigandis
1065 1717 1177 1782 diebus
1200 1725 1266 1782 tam
1289 1739 1363 1804 pry-

224 1823 384 1887 taniaruni
414 1843 510 1906 quam
539 1821 712 1900 mensium,
743 1820 856 1904 quibus
882 1841 1025 1905 quaeque
1049 1819 1176 1886 habitae
1202 1821 1265 1886 sint
1290 1843 1362 1886 con·

224 1927 334 1992 tiones.
367 1925 475 2010 Atque
497 1947 575 2010 quos
601 1931 686 1988 rccte
711 1924 779 1987 sine
802 1923 898 1988 dubio
925 1925 1032 1987 titulos
1060 1925 1197 1988 rostituit
1221 1924 1362 1990 Kcehler

225 2031 366 2096 hocloco
381 2051 440 2114 par
455 2035 503 2094 cst
517 2027 771 2113 praetermittere
788 2065 820 2110 ,-
844 2035 1046 2112 conspectum
1061 2034 1168 2091 autem
1184 2050 1293 2100 eorum
1310 2031 1362 2114 egi

223 2137 256 2200 in
279 2134 396 2200 tabulis
418 2131 491 2196 huie
512 2131 769 2196 commentationi
784 2129 900 2194 additis
916 2167 967 2212 .-,
991 2152 1044 2194 eos
1067 2137 1191 2194 tantum
1212 2137 1363 2197 retracta-

226 2245 325 2318 turus,
347 2257 425 2321 quos
441 2235 494 2299 ille
510 2235 706 2298 aut'omnino
721 2255 784 2298 non
798 2235 904 2318 attigit
919 2239 1051 2298 autnon
1069 2235 1163 2318 plane
1181 2235 1258 2299 rnihi
1274 2237 1363 2300 resti-

226 2341 322 2405 tuisse
348 2339 433 2402 visus
455 2343 512 2402 est.
557 2335 709 2401 Ordinem
739 2358 942 2401 numerorum
965 2337 1102 2421 corporis
1125 2338 1361 2422 inscriptionum

225 2441 405 2508 Atticarum
428 2441 583 2506 servavi.¹

728 2593 758 2635 n.
785 2573 855 2634 109.

329 2683 423 2749 Hanc
445 2683 622 2748 contionem
654 2681 766 2747 eodem
798 2681 849 2746 dic
882 2681 1025 2746 habitem
1056 2705 1123 2748 osse
1155 2693 1250 2770 atque
1280 2711 1361 2768 carn,

226 2811 307 2874 quae
330 2810 430 2874 nuper
453 2787 589 2852 innotuit
612 2807 653 2850 ex
680 2783 787 2868 Ἀθήν.
817 2785 861 2849 VI
891 2789 960 2869 152,
982 2809 1097 2851 nomen
1120 2791 1285 2874 epistates,
1308 2792 1361 2874 qui

226 2891 311 2956 idem
344 2897 391 2955 est
423 2891 454 2954 in
488 2897 622 2974 utroque
656 2889 747 2953 titulo
778 2884 944 2973 (Θεόφιλος
966 2887 1200 2973 Ἀλιμούσιος),
1235 2893 1362 2956 doruon-

225 3001 315 3060 strat.
353 2993 528 3078 Utramque
544 3001 651 3057 autem
667 2995 844 3056 contionem
861 2992 1003 3057 habitam
1018 3015 1086 3058 esse
1109 2995 1229 3080 aliquot
1251 2996 1362 3061 diebus

226 3103 300 3162 ante
329 3095 587 3182 Elaphebolionis
619 3096 704 3160 diem
727 3095 845 3160 XVIII
874 3097 1015 3182 sequitur
1042 3118 1083 3161 ex
1114 3099 1198 3162 tituli
1221 3100 1307 3164 citati
1332 3122 1361 3165 v.

226 3201 266 3264 55
290 3219 336 3284 sq.

732 3359 762 3400 n.
788 3339 859 3402 120.

331 3449 472 3516 Kcehler
505 3449 589 3514 huuc
622 3450 749 3514 titulum
780 3451 939 3534 pertinere
975 3459 1067 3536 putat
1108 3453 1149 3516 ad
1182 3453 1221 3517 ol.
1260 3457 1362 3536 110,l,

228 3555 492 3640 praescriptorum
531 3553 633 3617 forms
665 3559 835 3637 permotus.
887 3554 978 3628 Quod
1011 3575 1088 3618 num
1129 3561 1213 3618 recte
1253 3555 1363 3620 fecerit

227 3657 408 3724 videndum.

330 3761 368 3825 In
390 3761 493 3846 primo
516 3781 609 3824 versu
632 3767 663 3825 ct
686 3761 822 3824 secundo
837 3762 864 3825 si
879 3761 1006 3824 nomina
1022 3762 1187 3845 prytaniae
1207 3769 1239 3826 et
1254 3769 1363 3828 nume·

228 3885 314 3946 rum,
346 3883 408 3948 quo
439 3869 535 3947 quota
564 3885 694 3928 munere
717 3863 826 3928 functa
848 3865 888 3927 sit
919 3862 1092 3945 indicatur,
1125 3865 1293 3930 inserueris
1315 3888 1362 3947 oa,

228 3987 308 4052 quae
331 3965 475 4052 plurimis
497 3973 641 4032 constant
670 3967 799 4048 litteris,
831 3965 930 4030 veluti
952 3963 1194 4044 Ἱπποθωντίδος
1224 3968 1280 4048 (12
1304 3968 1363 4050 lit.)

228 4066 614 4152 etrstoip]rq;(81itt.),
646 4091 769 4134 summa
791 4091 939 4134 versuum
962 4069 1126 4154 longitudo
1157 4071 1292 4135 efficitur
1322 4075 1361 4135 37

228 4173 288 4238 litt.
312 4172 382 4236 Iam
404 4173 430 4236 si
452 4173 493 4236 ad
506 4195 535 4236 v.
547 4177 566 4238 3
579 4174 712 4255 accedis,
735 4181 804 4258 post
816 4173 1004 4238 vocabulum
1020 4173 1209 4254 πρυταΙνείας
1225 4177 1363 4260 spatium

314 4333 323 4368 ¹
343 4329 446 4383 Tantus
464 4329 601 4384 titulorum
621 4335 756 4397 quatenus
774 4330 919 4382 restituere
937 4335 1054 4382 oonmua
1072 4345 1145 4393 sum,
1162 4330 1197 4380 ,1ο
1217 4331 1270 4382 tina
1289 4345 1362 4382 com·

228 4415 404 4470 mentationis
422 4415 539 4483 scriptos
557 4415 675 4468 exhibui.
745 4477 750 4486 ,
