3244 4932
737 432 828 516 [155]
1308 443 1346 504 17

213 631 424 710 praeruptus,
464 629 571 710 aptum
611 645 738 690 sensum
778 623 874 690 habet
907 623 1099 692 adiectivum
1138 629 1346 714 compositum

214 727 424 805 ὁδοιιαιίιαλσς,
449 727 539 813 ‘quod
564 727 723 812 quomodo
755 749 827 792 cum
856 729 998 814 praefixo
1028 735 1083 808 σος
1113 739 1145 796 et
1167 733 1235 819 ipso
1266 733 1347 798 difli-

214 833 363 898 cultatem
396 832 592 917 significante
626 833 727 916 possit
759 833 907 919 coniungi
930 834 1075 919 equidem
1099 857 1162 902 non
1185 838 1346 924 intellego.

213 937 304 1004 Idem
328 937 413 1001 cadit
435 938 467 1002 in
493 957 586 1003 voces
610 957 629 1000 a
651 937 770 1002 Weilio
795 938 894 1004 fictas.

317 1041 528 1127 Hartungius,
551 1063 644 1126 quem
675 1043 780 1108 solnm
811 1043 872 1108 hoc
895 1043 1036 1122 offendit,
1059 1044 1163 1108 locum
1186 1047 1347 1112 sanavisse

213 1147 272 1212 sibl
295 1147 381 1212 visus
414 1153 462 1212 eat
491 1146 660 1212 scribendo
683 1145 799 1212 ἀνάλιον
826 1145 991 1228 λαμπάδων
1020 1146 1220 1228 ὁδοααίσαλα,
1252 1171 1344 1236 quam

213 1250 373 1318 medelam
396 1257 429 1316 et
458 1249 530 1315 ideo
552 1249 794 1335 repudiaverim,
817 1251 902 1337 quod
926 1252 1020 1337 plena
1043 1274 1113 1316 oum
1145 1277 1239 1320 versu
1267 1257 1346 1319 anti·

212 1356 364 1440 strophae
388 1355 554 1440 responsio
578 1354 786 1436 desideratur,
809 1363 840 1419 ct
858 1355 943 1441 qnod
966 1377 1076 1420 rocem
1095 1356 1179 1422 illam
1197 1358 1345 1425 traditam

212 1458 408 1543 probabilius
438 1479 585 1523 secernas
616 1458 648 1520 in
679 1457 775 1536 duas,
802 1459 834 1521 in
865 1455 976 1536 σιἰςοδα
1004 1467 1036 1524 et
1063 1460 1206 1526 σαίιιιιλα.
1254 1461 1345 1536 Quae

211 1563 394 1627 coniectura
417 1561 493 1626 mihi
515 1563 645 1647 insuper
661 1561 873 1628 commendari
891 1562 1018 1628 ridetur
1034 1565 1139 1628 verbis
1155 1565 1344 1630 scholiastae

210 1667 385 1732 clausulam
407 1667 452 1730 sio
475 1666 680 1750 explicantis:
704 1654 923 1749 ὁσςπαράβατα
938 1669 987 1729 καὶ
1004 1666 1118 1750 τραχέα
1134 1669 1205 1746 ζαῖσι
1222 1671 1345 1748 καὶτοῖς

212 1770 381 1856 θνήσκουσι
405 1770 492 1857 (lege
522 1768 725 1854 τεθνηκόσιν).
772 1769 834 1845 Qui
865 1791 935 1834 oum
965 1771 1062 1836 verba
1093 1771 1290 1853 δερκομένοισι
1314 1781 1345 1838 et

210 1871 410 1954 δσςομμάιοις
425 1873 558 1958 singulis
571 1871 673 1936 verbis
688 1873 888 1958 explicasset.
901 1894 973 1938 eum
987 1874 1111 1938 duabus
1131 1875 1261 1940 vocibus
1274 1880 1343 1954 σος-

211 1976 369 2060 ιιιιράβατα
387 1985 418 2042 et
435 1975 547 2059 τραχέα
562 1976 626 2040 duo
644 1977 740 2041 verba
756 1977 997 2061 interpretatum
1016 1998 1086 2042 esse
1101 1979 1269 2045 verisimile
1287 1988 1343 2045 est.

312 2081 496 2168 Tripodiam
518 2082 614 2164 igitur
637 2079 735 2144 babes
759 2080 934 2159 iambicam,
955 2082 987 2145 in
1011 2102 1072 2166 qua
1094 2103 1253 2168 syncopae
1269 2085 1343 2148 arti·

209 2186 280 2250 licio
304 2186 382 2252 arsis
405 2185 545 2250 secunda
561 2191 609 2250 est
624 2184 759 2264 sublato,
782 2185 827 2248 ita
849 2185 1087 2252 describendam
1110 2198 1179 2258 σω
1197 2213 1239 2238 ι-
1253 2227 1272 2258 ι,
1292 2224 1341 2269 -,

211 2311 292 2376 quae
304 2290 439 2354 fortasse
451 2311 522 2354 oum
534 2287 672 2374 tripodis
682 2288 896 2373 praecedente
909 2290 940 2352 in
954 2289 1155 2375 hexapodiae
1169 2311 1283 2375 eorpus
1294 2299 1343 2356 est

209 2393 441 2480 coniungenda.
477 2392 571 2468 Quod
594 2397 701 2456 autern
724 2393 804 2458 arsis
826 2392 927 2477 prima
950 2393 981 2456 in
1004 2393 1135 2479 stropha
1160 2401 1209 2460 est
1228 2395 1342 2472 brevis,

210 2499 241 2562 in
264 2497 463 2582 antistropha
487 2495 652 2584 producta,
673 2497 703 2560 in
724 2496 868 2560 versibus
884 2497 1026 2562 iambicis
1041 2519 1105 2562 non
1121 2503 1228 2584 potest
1244 2499 1342 2563 offen·

209 2601 295 2682 dere,
318 2623 452 2686 qnorum
467 2600 549 2665 arsin
573 2600 706 2684 primam
720 2600 889 2686 ancipitem
906 2608 1119 2667 esseconstat.
1153 2603 1246 2667 Arsin
1265 2625 1341 2668 vero

208 2707 335 2772 brevem
348 2713 379 2770 et
395 2705 523 2790 longam
540 2704 598 2769 sibi
613 2725 706 2790 posse
722 2703 927 2789 respondere,
940 2707 1034 2770 ctiam
1047 2707 1073 2770 si
1090 2705 1187 2771 thesis
1199 2706 1341 2772 eiusdem

209 2810 298 2896 pedis
322 2811 362 2876 sit
384 2809 499 2884 solnta,
522 2811 699 2875 illustretur
722 2810 782 2875 hoc
801 2811 969 2894 exemplo:

310 2911 385 2979 Eur.
408 2913 457 2980 El.
483 2915 675 2979 1223:1229

262 3029 316 3086 str.
337 3018 465 3102 ματέρος
488 3017 548 3083 ἔστιν
572 3017 658 3100 δι’ρσς
680 3020 798 3098 μεθιίς.
823 3057 860 3066 -
881 3033 915 3092 ιἰῡ
931 3061 950 3090 e
970 3055 1007 3064 -
1029 3021 1033 3100 Ι
1053 3055 1071 3090 ιι
1092 3057 1125 3066 -
1147 3057 1166 3092 υ
1186 3057 1224 3068 --

251 3130 313 3188 ant.
336 3122 447 3209 φονέας
470 3121 580 3200 ἔτικτες
603 3119 662 3206 ἆρά
686 3147 741 3189 σοι.
849 3137 953 3196 offic
972 3159 1011 3168 -
1031 3125 1036 3206 Ι
1055 3162 1074 3195 o
1092 3163 1131 3171 -
1150 3162 1168 3197 υ
1189 3158 1236 3190 -.

208 3228 406 3313 Quemquam
429 3248 501 3291 raro
526 3227 606 3291 bano
628 3227 868 3314 responsionem
884 3233 996 3314 poetas
1019 3229 1154 3315 tragicos
1178 3229 1340 3294 admisisse

207 3331 444 3399 concedendum
481 3337 539 3397 est.
595 3331 638 3396 Et
677 3331 758 3396 hanc
797 3333 838 3396 ob
873 3353 1000 3396 causam
1040 3340 1071 3396 et
1108 3331 1191 3418 qnod
1230 3334 1262 3396 in
1301 3333 1338 3396 iis

207 3437 349 3502 versibus
372 3435 521 3516 iambicis,
544 3435 597 3520 qui
621 3457 661 3500 ex
684 3435 821 3520 dipodiis
846 3443 1002 3517 constant,
1025 3437 1110 3502 arsin
1132 3438 1266 3523 primam
1294 3437 1339 3501 di·

206 3541 320 3626 podiae
344 3547 458 3625 poetae
480 3540 661 3604 maluerunt
684 3561 843 3624 syncopae
867 3541 939 3626 lege
961 3541 1071 3606 tollore
1087 3563 1180 3626 quam
1196 3542 1339 3621 alteram,

206 3643 242 3709 fit
265 3651 301 3709 ut
323 3643 402 3708 haec
424 3665 488 3708 una
516 3650 640 3708 tantum
672 3645 808 3728 tripodis
840 3646 879 3709 ad
910 3646 1063 3710 rationem
1095 3651 1237 3710 nostram
1267 3667 1341 3730 pro·

207 3747 343 3812 bandam
365 3749 465 3833 possit
485 3747 627 3833 proferri.
661 3746 711 3811 Ad
728 3769 824 3833 quam
840 3747 1026 3812 firmandam
1044 3770 1161 3830 versus,
1176 3749 1207 3814 in
1224 3748 1339 3834 quibus

205 3851 267 3915 arsi
297 3853 383 3916 brevi
413 3851 585 3938 respondet
614 3851 726 3932 brevis,
756 3851 914 3936 producta
943 3850 1129 3936 productae,
1160 3851 1231 3918 ideo
1261 3852 1337 3917 nihil

206 3955 321 4038 valent,
344 3956 429 4041 quod
453 3955 485 4020 bi
507 3978 620 4022 versus
643 3957 704 4020 alio
728 3957 824 4022 modo
841 3963 977 4040 possunt
993 3957 1152 4041 explicari.
1187 3957 1337 4044 Exempli

204 4059 308 4142 gratia
323 4057 503 4144 tetrapodia
518 4057 597 4122 hoec
611 4095 663 4129 σου
682 4094 713 4118 .-
740 4097 758 4128 ο
779 4095 815 4104 -
839 4093 887 4140 -,
911 4080 992 4144 quae
1008 4061 1135 4144 saepius
1150 4061 1181 4125 in
1198 4062 1337 4147 strophis

204 4162 343 4228 iambicis
364 4163 535 4240 invenitur,
560 4163 648 4228 velut
670 4163 746 4228 Eur.
770 4163 885 4228 Troad.
910 4167 968 4227 581
986 4167 1068 4228 :586

304 4275 358 4332 atr.
382 4265 477 4331 τέκεα.
501 4266 570 4346 πρίν
592 4265 654 4329 ποτ’
683 4261 768 4349 ἦμεν.

307 4379 371 4437 ant.
396 4369 513 4448 πόλεος.
536 4368 557 4432 ἂ
580 4375 752 4436 καπνοῦται.
