3276 4932
315 383 352 442 ιι
762 417 805 428 -
852 382 916 463 [aa]
963 417 1008 430 .-

311 567 466 634 voeabulo
486 577 634 646 mmtem,
663 567 750 652 qnod
770 569 805 634 in
827 569 971 636 editione
993 571 1214 654 Spengeliaua
1235 571 1363 654 legitur,
1395 591 1453 636 oo—

311 671 394 738 diois
417 672 585 738 leotionem
608 673 726 737 obitum
747 672 781 737 in
802 672 874 758 ipso
895 675 1065 740 uerborum
1080 673 1351 740 Varroniauorum
1373 693 1453 739 eou-

311 781 401 840 textu
424 775 657 842 restituendam
679 775 792 841 uideri.

397 877 655 964 Ortbograpbioa
675 899 803 964 quoque
818 899 859 945 ex
875 882 909 944 F
924 880 1033 946 omnia
1054 887 1204 946 aueurate
1219 879 1375 966 exscripsi
1390 900 1452 946 nee

312 981 379 1048 lere
401 982 498 1066 taem,
524 982 588 1048 nisi
611 983 691 1060 istas?
714 1007 741 1062 e,
767 1007 818 1062 ae,
845 1007 881 1048 oe
904 985 1083 1050 litterarum
1105 985 1384 1065 eommutab'ones,
1410 984 1454 1048 de

312 1085 427 1169 quibus
450 1105 548 1170 snpra
569 1085 690 1151 dietum
705 1093 765 1169 est,
791 1095 960 1172 praeterea
974 1095 1082 1154 autem
1097 1087 1179 1154 haee
1193 1108 1279 1171 quae
1293 1093 1358 1153 tarn
1373 1107 1453 1152 eou-

312 1195 434 1254 stanter
454 1189 489 1254 in
510 1189 622 1255 oodiee
643 1189 764 1274 seripta
786 1197 875 1271 sunt,
909 1198 945 1256 nt
970 1191 1033 1256 boe
1062 1193 1131 1256 loeo
1153 1211 1194 1256 ea
1215 1199 1369 1274 congesta
1390 1191 1452 1264 snb

171 1347 174 1352 .
312 1311 375 1356 uuo
397 1299 529 1378 aspeetu
550 1312 670 1377 ponere
692 1293 892 1360 eommodius
914 1295 1018 1360 visum
1041 1295 1099 1360 sit:
1141 1295 1333 1361 Constanter
1353 1295 1453 1378 igitur

311 1396 344 1462 in
367 1398 402 1460 F
417 1395 598 1462 scribuntur
620 1405 771 1482 quatuor
792 1403 826 1463 et
847 1398 973 1462 litterae
995 1405 1028 1465 et
1049 1399 1163 1482 reliqui
1186 1399 1282 1464 buius
1303 1399 1451 1466 vocabuli

311 1517 407 1565 casus
441 1499 514 1582 (nisi
535 1500 620 1584 quod
646 1505 730 1580 14,5
753 1501 908 1586 seriptum
935 1507 986 1568 est
1015 1503 1142 1587 literis).
1189 1502 1317 1568 Deinde
1344 1525 1445 1587 quum,

311 1603 437 1688 quoius,
470 1604 594 1670 similes
616 1604 753 1687 formae,
786 1625 869 1688 quas
899 1607 1089 1672 reoentiores
1113 1605 1240 1672 eodioes
1261 1607 1451 1691 saepissime

313 1705 526 1788 restituerunt,
552 1708 585 1773 in
601 1711 636 1772 F
651 1729 715 1774 non
736 1657 889 1792 leguntur
910 1709 973 1776 nisi
995 1708 1220 1793 aliquotiens'
1211 1730 1245 1774 m
1268 1710 1451 1795 posteriori-

313 1845 496 1912 buslibris
544 1847 653 1913 Habes
677 1867 762 1912 enum
786 1847 1066 1933 423,12quoius;
1088 1852 1319 1934 442,5qu0r;
1342 1852 1451 1918 4438

313 2006 427 2068 qttom,·
450 1989 511 2048 444
516 1997 683 2070 ,8quor,·
705 1988 765 2050 487
772 1985 970 2070 ,3φιοὶιιε,·
992 1992 1066 2068 545,
1089 1987 1261 2072 ltquoa'ua.

398 2105 434 2169 lu
465 2105 672 2172 adnotatione
700 2105 859 2190 adscripsi
888 2126 999 2172 omnes
1029 2127 1086 2172 eas
1116 2107 1255 2173 virorum
1287 2107 1450 2172 doctorum

312 2208 522 2290 coniecturas,
549 2209 665 2291 quibos
687 2230 771 2274 nova
785 2229 880 2291 quarn
902 2209 1026 2275 institui
1049 2210 1220 2276 oollatione
1235 2210 1356 2276 oodieis
1378 2211 1452 2295 plns

312 2312 459 2376 minusve
481 2312 717 2396 probabilitatis
738 2311 892 2380 aooedere
918 2312 1090 2378 videretur.
1137 2315 1251 2398 Itaque
1273 2314 1451 2380 seseenties

312 2413 466 2482 Odofredi
493 2415 637 2482 blnelleri
666 2436 782 2482 nomen
811 2416 855 2482 ibi
883 2416 1045 2497 invenies,
1080 2417 1134 2500 qui
1163 2418 1245 2482 mira
1273 2415 1451 2500 sagacitate

313 2518 501 2604 saepissime
530 2538 588 2586 eas
623 2519 800 2604 scripturas
825 2539 844 2584 e
873 2519 1086 2585 deterioribus
1120 2520 1211 2586 libris
1244 2519 1451 2604 depromptas

312 2623 347 2688 in
378 2622 522 2688 ordinem
556 2623 714 2707 reposuit,
751 2642 832 2705 quas
865 2643 927 2706 ego
955 2623 987 2688 in
1017 2623 1176 2688 oommuui
1205 2624 1332 2688 illorum
1361 2623 1451 2688 fonte

315 2726 451 2810 repperi.

399 2829 635 2910 Nonnunquam
657 2829 728 2912 ipse
750 2836 884 2894 eonatus
906 2849 976 2894 sum
999 2836 1147 2914 eorrnpto
1169 2829 1266 2895 alieni
1289 2829 1358 2894 loeo
1380 2849 1452 2895 me-

314 2932 452 2998 dioinam
482 2931 647 2998 adhibere.
694 2932 835 3011 Quarum
864 2940 972 2999 tamen
1002 2933 1256 2999 coniecturarum
1289 2933 1318 2998 si
1352 2953 1449 2998 unam

314 3036 409 3102 modo
431 3045 488 3102 aut
508 3037 642 3102 alteram
658 3036 735 3101 viris
758 3035 859 3102 doetis
881 3036 1068 3121 probavero,
1094 3037 1174 3102 satis
1189 3037 1324 3104 habebo.
1364 3037 1451 3102 Nam

313 3142 337 3208 ii
359 3149 434 3208 snut
455 3141 488 3207 hi
512 3141 583 3207 libri
597 3139 798 3224 varroniani,
824 3141 858 3205 in
880 3141 996 3225 quibus
1019 3140 1229 3207 emendandis
1250 3141 1348 3207 etiam
1371 3141 1450 3206 doe-

314 3245 429 3312 tissimi
452 3246 512 3310 viri
535 3245 739 3310 multifariam
762 3245 949 3311 erraverint.

400 3350 513 3416 Libros
536 3357 569 3416 et
589 3349 890 3430 oommentationes,
921 3348 1036 3431 quibus
1058 3349 1090 3414 in
1113 3349 1174 3414 boo
1195 3349 1350 3434 opusculo
1371 3367 1452 3414 eon-

314 3454 483 3520 soribendo
511 3461 637 3540 praeter
659 3453 824 3539 Spengelii
854 3461 886 3518 et
914 3452 1060 3518 bluelleri
1091 3452 1248 3520 editiones
1274 3452 1451 3537 praeeipne

315 3576 393 3624 usus
416 3576 496 3639 snm,
523 3556 575 3622 bio
597 3556 707 3642 posui:

401 3680 437 3744 L.
474 3677 633 3762 Spengel,
680 3675 944 3743 Emendationnm
978 3675 1245 3742 Varroniauarnm
1286 3675 1450 3760 specimen

314 3782 342 3848 I.
367 3782 527 3848 Monaobii
552 3785 644 3862 1830,

401 3886 498 3969 idem,
524 3885 630 3952 Uebsr
650 3883 704 3950 die
719 3883 827 3950 Kritik
848 3880 907 3948 der
920 3881 1156 3948 Varronisoben
1178 3881 1303 3948 Bttober
1324 3881 1365 3946 de
1387 3879 1452 3944 lin-

315 4011 381 4075 gua
403 3989 518 4055 Latina
549 3989 591 4073 (in
612 3987 702 4054 Aetis
723 3986 919 4054 Academiae
941 3988 1021 4071 Reg.
1047 3987 1164 4052 Bavar.
1190 3987 1285 4052 eluse.
1311 3984 1452 4070 philos.-

315 4094 469 4180 pbilolog.
495 4093 558 4159 vol.
584 4092 644 4157 Vll
669 4093 761 4172 1855,
787 4112 819 4175 p.
839 4091 1041 4175 lar-482),

402 4197 502 4280 idem,
533 4195 766 4262 Commentatio
795 4193 837 4260 de
862 4193 1065 4261 emendanda
1086 4193 1208 4259 ratione
1230 4190 1379 4257 librorum
1403 4189 1448 4254 bl.

316 4302 445 4369 Terenti
467 4300 617 4367 Varronis
642 4299 684 4365 de
706 4299 819 4383 lingua
840 4298 966 4364 Latina.
1013 4297 1174 4364 blonaobii
1200 4297 1290 4377 1858,
