3226 4932
316 380 357 442 rs
752 415 795 426 -
843 380 927 462 [aas]
974 415 1016 424 -

406 571 453 650 14)
480 565 506 634 0
529 565 607 631 XIV
633 571 682 632 15.

400 669 493 748 Quod
514 669 548 734 in
570 669 662 734 libris
684 689 781 735 manu
805 670 931 754 seriptis
955 675 1044 735 extat

456 771 577 848 τταῑδες
601 770 744 836 ίτεάκοοι
764 778 826 837 νῦν
851 768 978 836 Θάλειά
1001 795 1036 836 τε
1061 773 1064 856 l
1090 769 1306 854 insultantes,

316 883 417 942 metro
438 875 640 956 adversatur,
667 873 827 958 siquidem
851 876 1002 960 strophae
1019 893 1132 940 versus
1148 875 1323 960 parallelus
1338 874 1390 941 hio
1406 885 1461 942 est

608 995 611 1000 ’
625 995 948 1026 ---------

522 1071 719 1165 ὧλιττάρας
743 1074 892 1162 ἀοίδιμοι
914 1081 1085 1162 βασίλειαι
1109 1083 1112 1164 j
1138 1077 1285 1166 Χάριτες

315 1203 374 1250 neo
397 1185 502 1250 minus
525 1184 715 1264 sententiae,
742 1183 827 1266 quod
846 1183 1039 1250 scholiastae
1053 1203 1179 1268 quoqne
1195 1191 1373 1266 sonsemnt,
1399 1185 1459 1268 qui

317 1286 468 1371 supplent
491 1285 648 1374 ἐπήκοοι,
676 1290 814 1369 γίνεσθε
838 1284 1010 1374 δηλονότι,
1036 1293 1133 1372 atque
1155 1287 1189 1352 in
1211 1307 1274 1352 uno
1296 1286 1406 1353 oodioe
1430 1289 1459 1354 O

314 1389 446 1454 verbum
476 1394 614 1474 γίνεσθε
643 1389 678 1454 in
706 1397 828 1455 textum
859 1390 987 1474 irrepsit
1020 1391 1155 1475 expulso
1189 1390 1344 1456 vocabulo
1378 1397 1453 1456 νῦν.

314 1490 386 1570 Qua
408 1493 531 1559 ratione
554 1492 668 1559 duetus
691 1493 851 1577 Bergkius
874 1493 1024 1572 verbum,
1060 1491 1145 1576 qnod
1168 1491 1273 1574 deest,
1307 1493 1354 1558 ita
1377 1513 1458 1580 sup-

314 1595 424 1679 plevit,
451 1603 486 1662 ut
508 1617 548 1662 ex
571 1593 714 1661 ἐπάκσοι
736 1595 878 1686 efficeret
901 1593 1090 1678 ἐπακοοῖτε,
1117 1615 1180 1680 quo
1203 1595 1297 1660 simul
1317 1603 1457 1662 metrum

314 1698 548 1772 restitueretur;
574 1699 607 1764 in
629 1697 692 1763 fine
714 1705 820 1764 autem
839 1717 952 1764 versus
967 1699 1032 1764 iam
1046 1699 1230 1765 Boeokhius
1245 1698 1373 1763 nomine
1388 1707 1457 1764 ter-

315 1801 379 1866 tiae
403 1801 552 1884 Gratiae,
585 1822 625 1868 ex
647 1801 782 1866 Hesiodi
813 1821 907 1866 versu
938 1802 1129 1886 theogoniae
1152 1805 1215 1866 909
1238 1795 1396 1888 Ἀγλαΐην
1420 1827 1455 1867 τε

312 1905 369 1968 καὶ
393 1887 614 1992 Εὐηροσύνην
639 1905 800 1990 Θαλίην
822 1897 854 1966 τ’
881 1901 1054 1992 ἐρατεινήν
1076 1905 1217 1989 cognito,
1252 1905 1337 1988 quod
1367 1926 1452 1971 unns

316 2007 413 2072 etiam
447 2008 692 2074 soholiastarum
726 2007 839 2084 habet,
876 2007 1017 2092 reposito
1050 2015 1185 2073 metrum
1213 2007 1459 2091 redintegrave-

316 2117 376 2175 rat.
430 2111 542 2195 Itaque
573 2111 734 2194 Bergkius
763 2109 894 2192 quidem
922 2109 1005 2176 haee
1033 2117 1182 2194 temptat:
1218 2109 1339 2186 παῖδες
1368 2109 1457 2176 ἑπα-

315 2225 424 2278 κοοῑτε
447 2220 509 2280 νῦν
529 2215 639 2278 Θαλία
663 2235 716 2292 τες
743 2212 927 2278 Boeekhius
949 2220 1056 2279 autem
1080 2213 1286 2279 scholiastam
1309 2221 1454 2292 secutus,

314 2317 369 2399 qui
391 2317 439 2382 ait
465 2311 534 2382 ἀπὸ
558 2323 674 2384 κοινοῦ
697 2313 837 2402 ἐπήκοοι
865 2319 1022 2400 γίνεσθε·
1054 2315 1138 2382 ἔνιοι
1165 2315 1202 2380 δέ
1231 2337 1338 2402 φασιν
1367 2315 1458 2402 πρὸς

315 2417 375 2506 τὴν
397 2424 512 2506 τρίτην
537 2417 686 2484 Θάλειαν
714 2425 813 2484 τοῦτο
837 2419 1017 2502 λέγεσθαι,
1051 2418 1188 2486 eredidit
1215 2419 1454 2505 imperativum,
1498 2407 1501 2415 ’

314 2524 369 2605 qui
397 2522 570 2605 exciderit,
603 2523 801 2606 singularem
833 2522 934 2588 luisse
963 2543 1096 2588 numero
1126 2522 1254 2606 quidem
1282 2523 1324 2588 ad
1352 2525 1457 2590 solam

314 2626 463 2692 Thaliam
493 2627 724 2710 pertinentem,
761 2625 820 2690 sed
853 2625 1028 2691 seeundum
1062 2625 1254 2692 sententiam
1284 2625 1324 2691 de
1354 2627 1459 2692 trihus

315 2729 435 2794 Gratiis
465 2729 601 2811 dietum,
635 2729 718 2794 siout
747 2727 859 2792 ἰδοῖσα
890 2727 1047 2812 singulari
1076 2749 1209 2795 numero
1231 2729 1377 2795 additum
1400 2732 1456 2812 sit,

315 2852 507 2916 quamquam
531 2833 690 2916 pertineat
711 2831 755 2898 ad
777 2851 888 2897 omnes
911 2839 975 2897 tres
999 2831 1088 2898 deas.
1135 2831 1248 2915 ltaque
1272 2833 1413 2898 mavult:

563 2935 700 3016 τταῑδες,
728 2932 876 3010 ἐπάκσος
899 2938 996 3018 γένεο
1020 2935 1130 2998 Θαλία
1153 2959 1200 3000 τε.

316 3038 381 3105 Sed
404 3039 485 3105 haee
507 3039 561 3104 vix
584 3037 723 3104 Pindaro
744 3037 842 3103 tribui
863 3045 1014 3122 possunt:

442 3130 469 3204 ὦ
490 3136 606 3208 πότνι’
631 3135 770 3225 Ἀγλαΐα
794 3140 1025 3227 φιλησίμολπέ
1047 3135 1079 3204 τ’
1106 3135 1325 3226 Εὐφροσύνα,
1362 3147 1458 3210 θεῶν

726 3248 908 3330 κρατίσταν

444 3348 611 3430 παῖδες,
640 3345 826 3422 ἒττάκοος
847 3350 984 3430 γένεο,
1014 3346 1124 3410 Θαλία
1148 3369 1182 3410 τε

445 3449 664 3536 ἐρασίμολπε,
692 3449 804 3516 ἰδοῖσα
826 3447 923 3515 τόνδε
947 3453 1060 3530 κῶμον
1084 3499 1092 3513 .
1114 3499 1121 3512 .
1143 3499 1149 3513 .
1172 3499 1178 3512 .

314 3555 404 3620 Ferri
428 3553 557 3638 quidem
581 3561 706 3639 poterat
729 3550 876 3628 ἐττάκοός
899 3575 934 3617 τε
958 3556 1055 3636 γένεο
1079 3552 1206 3634 Θαλία,
1241 3553 1299 3618 sed
1321 3575 1357 3617 τε
1385 3565 1462 3638 post

318 3658 428 3722 Θαλία
462 3657 573 3723 addito
605 3656 710 3740 figura
744 3651 814 3722 ἀπὸ
848 3661 964 3722 κοινοῦ
1000 3653 1070 3720 fieri
1107 3675 1169 3720 non
1207 3661 1322 3740 potest.
1387 3655 1462 3721 Pri-

314 3781 399 3825 mum
423 3769 530 3826 autem
553 3759 770 3842 quaerendum
794 3768 853 3842 est,
883 3778 959 3824 num
981 3759 1050 3824 iure
1073 3757 1175 3824 forma
1198 3757 1360 3824 Hesiodea
1385 3761 1462 3823 Θα-

313 3864 369 3928 λία
391 3863 535 3948 reposita
557 3863 600 3928 sit
621 3863 731 3928 invitis
753 3862 900 3928 omnibus
922 3861 1024 3926 libris.
1064 3863 1168 3945 Atque
1192 3861 1368 3928 scholiasta
1383 3863 1462 3944 qui-

312 3965 402 4050 dem,
428 3967 484 4050 qui
507 3965 642 4032 formam
664 3965 802 4032 nominis
824 3985 865 4032 ex
886 3965 956 4051 ipso
979 3964 1113 4031 Hesiodi
1136 3983 1248 4044 versu,
1275 3983 1372 4047 quem
1395 3965 1462 4032 ad-

312 4077 418 4152 notat,
452 4088 578 4136 sumere
607 4069 726 4154 potuit,
759 4067 843 4133 fidus
865 4067 957 4134 testis
979 4087 1044 4132 non
1067 4074 1126 4134 est.
1176 4065 1302 4132 Θάλεια
1329 4075 1455 4150 autem,

312 4171 397 4255 quod
427 4173 501 4240 libri
524 4171 695 4257 praebent,
731 4177 860 4238 auctore
883 4169 1025 4236 Hesiodo
1049 4169 1178 4254 quidem
1200 4169 1313 4236 Musae
1336 4190 1461 4238 nomen

311 4284 369 4346 est,
396 4276 442 4342 th.
469 4279 524 4339 77:
