3244 4932
533 1209 1032 1278 PRAEMONENDA

606 1372 633 1434 1.
667 1367 707 1435 nd
742 1366 887 1432 tabulam
917 1367 944 1432 Ι.

308 1525 388 1590 Cum
413 1525 516 1590 omnis
545 1523 585 1590 de
615 1531 794 1609 temporum
818 1521 942 1588 ratione
971 1521 1115 1609 quaestio
1140 1521 1279 1608 pendent
1301 1545 1341 1588 ex

203 1633 295 1715 parte
318 1627 403 1705 inde,
427 1634 462 1692 ut
485 1628 647 1712 cognitum
672 1627 847 1691 habeamus
870 1635 949 1711 quot
970 1626 1038 1691 dies
1061 1647 1191 1691 munere
1214 1625 1344 1692 iunctae

203 1734 267 1797 sint
289 1733 436 1815 singulae
458 1732 643 1817 prytanieo,
675 1731 748 1816 quia
780 1731 841 1795 hoc
863 1730 960 1795 modo
988 1731 1057 1795 solo
1081 1729 1202 1796 definiri
1226 1738 1344 1815 potest,

147 1871 149 1878 ,
204 1843 309 1901 utrum
333 1835 509 1900 communis
531 1855 570 1898 en
593 1833 789 1900 intercalaris
811 1833 950 1898 iuer-itis
966 1833 1086 1918 dequo
1103 1833 1209 1918 egitur
1231 1853 1344 1914 annus,

204 1940 330 2005 tubulas
354 1940 409 2003 hes
433 1935 565 2016 confeci,
590 1938 706 2023 quibus
726 1938 876 2024 inspectis
900 1939 936 2012 is,
959 1937 1047 2002 cuius
1071 1938 1214 2019 interest,
1237 1938 1343 2002 stetim

204 2045 345 2110 iudicare
368 2051 479 2128 posset
507 2041 548 2106 de
577 2044 652 2106 unni
682 2043 816 2106 ratione.
861 2040 976 2126 Neque
999 2047 1106 2106 tomen
1134 2061 1191 2106 eae
1213 2042 1342 2108 tubulos

204 2148 249 2213 ito
278 2148 388 2234 pertici
417 2154 569 2233 possunt,
608 2153 642 2210 ut
671 2145 769 2210 duces
802 2145 865 2210 sint
901 2145 1048 2210 omnibus
1083 2144 1195 2210 diebus
1224 2153 1352 2210 certae..

205 2252 341 2318 Constat
357 2252 439 2317 enim
452 2249 546 2316 variis
562 2251 652 2315 annis
665 2250 788 2315 verium
801 2250 901 2315 inisse
916 2249 1112 2334 singularum
1124 2249 1342 2334 prytaniorum

205 2375 373 2420 numerum
389 2354 522 2426 dierum,
547 2353 652 2418 555155
675 2352 770 2416 etiem
787 2375 914 2419 menses
932 2351 1031 2418 fuisse
1047 2351 1167 2417 solidos
1190 2361 1222 2417 et
1238 2373 1343 2420 coros.

205 2461 316 2526 Veluti
348 2479 431 2524 nnnc
463 2457 622 2523 communi
652 2477 866 2544 unaquaeque
896 2455 1044 2543 prytanio
1074 2478 1205 2522 munere
1232 2457 1343 2522 iuncte

204 2571 255 2630 est
276 2585 336 2650 per
358 2567 399 2628 35
416 2563 467 2628 rel
484 2564 535 2642 30,
557 2581 642 2626 anno
665 2560 844 2625 intercalari
866 2581 923 2646 per
947 2561 987 2624 38
1004 2561 1054 2626 rei
1076 2563 1117 2626 30
1134 2560 1218 2644 dies;
1241 2583 1343 2627 annus

205 2668 381 2733 eommunis
411 2666 594 2731 continebat
624 2664 720 2730 modo
754 2664 834 2744 354,
864 2663 958 2730 modo
980 2667 1043 2730 355
1067 2665 1149 2745 dies3
1180 2665 1342 2732 Posideon

205 2774 288 2838 citer
311 2771 405 2836 modo
422 2773 463 2836 29
479 2771 576 2835 modo
592 2771 634 2835 30
656 2769 723 2834 dios
739 2770 945 2854 similiterque
961 2790 1086 2834 menses
1102 2769 1163 2834 olii.
1199 2769 1343 2844 Quorum

206 2877 347 2940 omnium
371 2895 486 2956 rerum,
509 2874 535 2938 si
558 2873 674 2938 tabulis
698 2881 784 2936 recte
816 2873 861 2936 uti
886 2873 976 2954 reiis,
1007 2872 1088 2938 ratio
1113 2871 1261 2938 habenda
1285 2881 1342 2939 est.

206 2981 385 3064 Propterea
409 2981 452 3045 ito
475 2979 526 3064 egi
550 2987 584 3042 ut
608 2999 678 3043 eum
701 2978 856 3042 rationem
881 2977 1047 3062 eligerem,
1072 2999 1154 3064 quac
1177 2985 1209 3042 et
1232 2977 1344 3043 ordine

206 3091 239 3150 et
271 3083 473 3170 simplicitate
507 3089 629 3147 ceteras
666 3087 812 3166 eruperat:
850 3082 1166 3148 Hecatombaeonem
1204 3081 1344 3147 solidum

206 3189 309 3275 posui,
325 3194 450 3254 ceteros
466 3207 590 3252 mensos
607 3185 744 3250 vicissim
760 3207 854 3251 cavos
870 3195 903 3250 et
918 3187 1052 3270 solidos3
1077 3185 1292 3254 Posideonem
1309 3187 1343 3252 ΙΙ

207 3315 283 3358 vero
307 3292 460 3370 solidum,
490 3312 553 3377 quo
584 3311 708 3358 summo
736 3290 859 3355 diorum
889 3291 1069 3356 efficeretur
1091 3294 1163 3355 384.
1208 3291 1246 3356 15
1269 3293 1344 3356 5551

206 3398 382 3462 communis
412 3395 566 3462 laterculo
591 3395 762 3480 unicuique
790 3395 957 3480 prytaniee
988 3393 1237 3478 5551350155,
1268 3397 1344 3460 anni

206 3499 402 3564 intercalaris
426 3501 467 3562 38
490 3496 540 3582 (X
563 3497 635 3561 trib.
659 3498 746 3580 eet).
782 3497 916 3562 Restant
938 3497 1045 3582 igitur,
1068 3519 1140 3560 cum
1166 3501 1227 3562 10.
1245 3501 1286 3562 35
1302 3528 1344 3552 =

207 3607 271 3668 350
294 3610 327 3668 et
354 3605 391 3667 10
411 3653 418 3667 .
439 3606 480 3666 38
503 3631 543 3654 =
564 3603 629 3666 380
655 3601 724 3666 dies
747 3601 940 3682 efficiantur,
970 3605 989 3664 4
1013 3601 1081 3665 dies
1104 3601 1170 3683 (vel
1194 3607 1227 3679 5,
1254 3601 1279 3665 si
1303 3601 1344 3668 de

207 3728 290 3772 enno
314 3706 475 3770 communi
488 3708 551 3770 355
575 3705 696 3769 dierum
720 3704 853 3790 egitur),
877 3706 930 3789 qui
953 3703 1110 3790 prytaniis
1133 3704 1343 3772 distribuendi

207 3819 292 3876 sunt.
336 3808 516 3873 Duodecim
547 3809 617 3874 trib.
641 3817 703 3874 oet.
729 3809 782 3894 qui
812 3809 1031 3895 prytaninrum
1062 3809 1130 3876 dies
1152 3830 1237 3874 enno
1260 3831 1345 3874 conr·

207 3914 295 3978 muni
325 3921 531 3979 numerentur
561 3935 624 3978 non
657 3913 825 3999 adscripsi,
857 3914 930 3999 quie
959 3914 1148 3999 plerumque
1177 3912 1245 3978 dios
1273 3935 1346 4000 pry-

208 4019 365 4083 tcniorum
389 4017 585 4104 respondent
614 4017 726 4082 iisdem
750 4017 864 4084 diebus
890 4015 1064 4093 mensium,
1095 4017 1206 4102 utique
1237 4025 1343 4084 eutem

209 4123 386 4187 differentia
409 4122 481 4188 telis
505 4132 572 4202 est,
602 4129 638 4186 ut
667 4121 762 4187 incile
786 4123 827 4186 ab
851 4121 924 4186 enni
948 4120 1144 4185 intercalaris
1167 4119 1346 4186 differentis

209 4227 344 4292 discerni
377 4227 488 4311 possit.
534 4227 628 4291 Anno
653 4234 759 4293 eutem
794 4225 973 4291 intercalari
998 4245 1061 4289 unu
1092 4245 1239 4311 quaeque
1271 4247 1346 4312 pry-

209 4331 296 4396 tnnia
330 4327 622 4416 comprehendebat
656 4332 696 4396 32
730 4329 799 4396 dios
833 4332 921 4414 (12.
943 4333 985 4396 32
1008 4359 1049 4382 =
1072 4331 1168 4414 384),
1202 4337 1237 4394 ut
1271 4330 1346 4394 hnic

209 4431 422 4500 distributioni
445 4435 632 4499 summersit
654 4432 751 4516 fides,
780 4434 807 4498 si
837 4433 966 4520 quidem
987 4453 1130 4516 menses,
1162 4453 1225 4519 quo
1249 4452 1346 4516 supro
