3238 4930
662 459 753 544 [aar]
1238 459 1279 520 aa

245 651 311 714 1111
337 657 391 717 14:
414 654 502 734 erae
525 673 605 716 curu
624 659 758 736 patrum
781 671 895 737 quaeue
917 651 1090 730 Quiritium
1112 655 1166 714 etc.

245 737 309 838 (Ile
332 757 436 821 salute
459 758 599 840 Augusti
622 757 667 818 ait
691 755 781 836 (dioit
814 755 846 837 λ)
879 774 949 819 esso
980 753 1131 817 sollicitos
1162 761 1279 840 patres.

143 859 194 923 Ad
218 860 347 945 plebem
379 862 602 924 encomiastice
633 859 804 923 tetracolos
827 862 918 938 ‚aaa
948 859 999 922 Ad
1030 857 1156 942 plebem
1187 879 1281 922 enco-

144 964 284 1027 miastice
319 966 348 1026 in
373 984 435 1048 qua
459 963 499 1026 de
522 963 626 1026 salute
650 963 790 1046 Augusti
820 963 865 1024 ait
889 985 959 1026 esse
989 973 1098 1046 patres
1128 961 1280 1024 sollicitus

143 1069 315 1132 tetracolos
339 1069 380 1149 y).
419 1071 653 1152 Argumentum
677 1087 751 1130 vere
775 1067 1045 1146 encomiasticum,
1065 1085 1128 1150 quo
1142 1065 1279 1148 Augusti

144 1171 257 1235 bellica
279 1172 378 1234 virtus
400 1191 437 1232 ac
459 1171 590 1232 fortuna
612 1169 784 1256 splendidis
809 1170 912 1233 verbis
937 1171 1113 1233 extollitur.

246 1275 318 1338 IIII
341 1277 377 1338 2:
400 1274 582 1338 Pindarum
605 1276 744 1360 quisquis
766 1274 869 1336 studet
892 1275 1051 1338 ueruuluri
1071 1281 1126 1338 ete.

248 1377 437 1460 (Poetarum
462 1377 684 1441 encomiastioe
708 1377 880 1440 tetracolos
905 1382 944 1452 A,
968 1377 1020 1440 Ad
1038 1376 1196 1441 Iulianum
1216 1378 1281 1440 Au·

145 1481 267 1544 tonium
299 1483 508 1546 vetustiorum
540 1487 708 1566 poetarum
744 1482 908 1544 veneratio
936 1481 1160 1546 encomiastice
1187 1488 1282 1544 tetra·

144 1586 232 1650 colos
263 1589 291 1644 B
316 1585 381 1668 fol.
412 1585 474 1647 180
512 1583 578 1665 [Ad
616 1585 721 1648 Iulum
748 1584 924 1647 Antonium
956 1585 1165 1648 vetustiorum
1203 1605 1280 1669 poe·

145 1696 248 1751 tarum
273 1691 302 1748 B
314 1690 381 1772 fol.
402 1687 496 1770 1701,
522 1687 572 1750 ud
597 1687 773 1750 Antonium
796 1686 915 1750 Iulium
937 1689 1145 1752 vetustiorum
1170 1695 1281 1774 poeta·

144 1813 214 1855 rum
237 1793 399 1856 veneratio
423 1791 638 1855 iuooruiastice
656 1790 828 1854 tetracolos
852 1815 879 1871 y,
914 1790 965 1852 Ad
981 1791 1158 1856 Antonium
1174 1793 1280 1856 Iulum

144 1895 185 1958 de
216 1895 409 1958 emulatione
447 1915 527 1958 vana
551 1941 656 1957 .....
692 1915 761 1957 rum
792 1899 959 1978 poetarum
991 1895 1153 1958 veneratio
1186 1917 1280 1960 enco-

143 1999 285 2062 miastice
308 1998 482 2064 tetracolon
506 1997 548 2078 λ).
595 1996 727 2060 Notatio
752 2019 864 2082 parum
888 1998 1012 2062 idonea.
1059 1997 1153 2062 Certe
1177 2019 1280 2083 neque

144 2102 275 2171 Pindari
297 2103 411 2166 laudes
436 2124 518 2188 qnae
542 2123 606 2164 uon
626 2101 805 2185 funguntur
821 2103 880 2164 nisi
904 2101 1057 2186 prooemii
1080 2103 1159 2184 vice,
1176 2123 1281 2186 neque

147 2227 228 2290 quae
252 2205 292 2270 do
316 2205 460 2270 Caesaris
483 2204 587 2268 reditu
611 2205 652 2267 ab
672 2204 772 2267 altero
788 2211 884 2288 poeta
907 2207 1033 2268 ‘maiore
1058 2205 1184 2290 plectro'
1199 2205 1281 2270 cele·

145 2311 267 2373 braudo
296 2309 418 2394 profert
447 2308 601 2372 Horatius
635 2329 726 2372 suam
765 2309 952 2372 tenuitatem
986 2330 1158 2390 excusans,
1189 2329 1281 2373 enco-

144 2415 320 2478 miasticum
344 2413 488 2482 carminis
512 2411 652 2475 indolem
675 2409 824 2495 produnt.

250 2515 311 2580 *ΙΙ
335 2519 371 2580 2:
392 2516 510 2583 Nullus
534 2521 665 2600 arpenta
690 2515 773 2578 color
796 2522 840 2578 est
863 2519 971 2580 uvares
994 2521 1047 2579 etc.

248 2621 314 2703 (Ad
346 2621 532 2685 Sallustium
564 2619 710 2704 Crispum
746 2619 968 2682 encomiastioe
1003 2621 1175 2684 tetracolos
1206 2620 1280 2697 AB,

144 2725 268 2788 Dicane
301 2723 339 2786 ad
374 2723 561 2788 Sallustium
592 2721 739 2806 Crispum
770 2721 855 2805 quod
886 2720 965 2804 (orn.
999 2722 1034 2803 π)
1062 2723 1111 2786 ius
1141 2723 1280 2789 liberali·

144 2829 218 2891 totis
249 2828 375 2892 extollit
409 2828 512 2910 gratia
544 2825 625 2905 Flu,
655 2826 906 2909 Prosphcuetioe
936 2826 1109 2889 tetracolos
1140 2825 1280 2902 Salustio

146 2929 258 3014 Crispo
289 2932 338 2994 ius
368 2931 528 2994 libertatis
553 2927 720 2992 extollenti
745 2931 787 3008 y).
830 2927 891 3001 Qui
913 2927 1080 3012 adscripsit
1105 2931 1281 3010 „encomia-

145 3035 240 3098 stice⁴⁴
267 3033 396 3097 laudem
411 3034 479 3097 sive
497 3033 726 3115 temperantiae
743 3031 809 3094 sive
825 3031 1024 3100 liberalitatis
1047 3032 1183 3095 carmine
1207 3055 1281 3096 ocn-

145 3137 236 3202 tiueri
260 3145 348 3200 ratus
379 3136 456 3199 satis
485 3135 593 3218 inepte
623 3135 697 3218 egit.
742 3131 832 3197 Idem
863 3153 989 3196 carmen
1017 3133 1048 3196 iu
1078 3133 1150 3196 Fra
1180 3135 1279 3198 norni-

146 3247 240 3304 natur
264 3235 390 3302 'diceus’
411 3239 431 3302 i.
454 3259 492 3318 e.,
516 3243 551 3300 ut
575 3237 713 3301 videtur:

301 3341 367 3426 vl)
412 3339 638 3406 DICANICE.

250 3444 343 3508 Hane
365 3443 601 3530 inscriptionem
626 3444 679 3528 qn'i
699 3441 872 3507 defendam
895 3449 991 3525 atque
1015 3439 1097 3504 adeo
1122 3442 1280 3528 explicem

147 3548 326 3633 argumenti
350 3547 495 3611 carminis
519 3547 641 3609 ratione
665 3544 791 3624 habita,
818 3565 946 3628 prorsus
970 3544 1087 3608 nescio.
1119 3543 1282 3630 Relinqui-

146 3661 199 3716 tur
222 3653 316 3717 tertia
340 3659 417 3715 nota
440 3652 508 3716 solo
543 3649 613 3715 eod.
642 3675 659 3730 y
688 3649 805 3712 tradita
834 3649 1117 3734 „prosphonetice¹‘
1150 3650 1190 3713 de
1219 3671 1281 3734 qua

147 3755 230 3820 infra
251 3775 282 3840 p.
307 3757 348 3820 40
372 3755 504 3819 dicetur.

302 3857 383 3939 Vll.)
429 3853 747 3922 PROTREPTICE.

250 3963 267 4026 1
290 3965 347 4026 27:
369 3961 466 4028 Natis
488 3963 523 4024 iu
546 3980 638 4024 usum
661 3960 800 4022 loetitiae
821 3957 948 4042 scyphis
970 3965 1024 4022 etc.

253 4066 401 4146 (Codices
423 4065 588 4130 notatione
604 4065 725 4127 Graeca
743 4063 897 4142 carentl..
915 4061 1119 4147 Porphyrion
1134 4061 1282 4129 adnotat:

152 4171 365 4256 „protreptioe
390 4169 451 4234 oda
474 4175 521 4234 est
544 4157 623 4231 baec
643 4167 683 4230 ad
699 4167 902 4248 bilaritatem,
929 4169 1018 4231 onius
1041 4187 1154 4232 sensus
1177 4189 1282 4256 sump-

150 4283 202 4338 tus
226 4281 272 4338 est
295 4277 334 4338 ab
358 4275 562 4338 Anacreonte
586 4293 626 4334 ex
649 4271 730 4334 libro
754 4271 880 4335 tertio“.

238 4375 317 4442 ¹*ss
341 4383 376 4442 4:
398 4377 447 4444 Ne
469 4378 509 4440 sit
532 4377 667 4440 aurillac
690 4375 746 4440 tibi
767 4396 858 4440 umor·
879 4375 997 4460 pudori
1018 4382 1072 4440 etc.
