3274 4934
612 1444 618 1458 x
657 1373 922 1478 QUAESTIO
953 1367 1137 1476 PRIMA.

349 1694 352 1712 Ι
390 1593 439 1668 ou
466 1595 577 1714 uxrio
603 1594 776 1670 vsssom
802 1591 990 1670 russsoro
1017 1593 1141 1680 Arous
1167 1593 1415 1674 rursusne-ro.

858 1799 931 1884 pr.

416 1939 500 2005 Ante
522 1936 718 2005 Boeckhium
740 1937 795 2021 qui
813 1937 986 2004 Pindarum
1009 1935 1159 2022 edebant,
1184 1958 1297 2006 versus
1320 1942 1478 2008 solebant

331 2043 378 2109 ita
399 2041 573 2128 diremptos
596 2041 797 2124 constituere,
824 2048 859 2107 ut
879 2042 913 2108 in
935 2041 1026 2108 libris
1048 2041 1273 2127 manuscriptis
1287 2050 1411 2124 extant,
1441 2046 1479 2110 in

332 2147 448 2231 quibus
470 2167 533 2212 non
555 2164 668 2212 versus
689 2145 767 2226 (sive
781 2144 915 2230 periodi)
942 2145 1084 2212 distincti
1099 2153 1183 2228 sunt,
1209 2145 1267 2212 sed
1282 2147 1364 2230 cola,
1391 2169 1479 2232 qna-

332 2257 425 2316 tenus
446 2248 646 2335 grammatici
669 2253 701 2314 ct
723 2247 991 2332 grammaticastri
1007 2249 1177 2334 Byzantini
1199 2248 1259 2316 hoc
1280 2249 1388 2318 faeere
1412 2272 1477 2337 po-

332 2359 470 2422 tuorunt.

417 2455 653 2523 Bocckhius
682 2461 789 2522 autem
817 2475 888 2521 oum
919 2475 1044 2522 omnem
1073 2457 1169 2522 istam
1196 2456 1379 2540 congeriem
1403 2458 1476 2543 By-

332 2561 531 2654 zantinorum
559 2559 831 2644 magistellorum‚
864 2579 998 2644 quorum
1027 2558 1103 2625 dum
1133 2559 1265 2645 ingenia
1293 2559 1471 2641 dormiunt,

332 2665 427 2749 digiti
449 2663 590 2731 carmina
611 2663 780 2730 metientes
802 2662 950 2749 opificum
972 2663 1035 2728 ritu
1058 2664 1223 2746 sonabant,
1249 2683 1313 2729 non
1335 2662 1474 2748 diguam

333 2787 407 2836 esse
428 2766 660 2850 intellexisset,
693 2766 728 2832 in
750 2786 814 2850 qua
835 2765 891 2832 diu
914 2765 1103 2848 desudaret,
1137 2767 1263 2832 abiecta
1292 2766 1417 2833 lubrica
1440 2775 1476 2833 et
1605 2847 1606 2858 χ

333 2873 454 2938 incerta
486 2870 687 2956 possessione
720 2871 903 2954 regularum
934 2890 955 2934 a
983 2869 1172 2954 Byzantinis
1201 2869 1471 2954 excogitatarum,

333 2975 406 3061 ipsa
427 2973 558 3040 Pindari
579 2973 721 3040 carmina
743 2973 982 3040 accuratissime
1004 2980 1221 3058 perscrutatus
1244 2992 1282 3039 ao
1304 2972 1475 3040 dimensus

335 3098 447 3146 versus
461 3078 648 3144 Pindaricos
671 3077 780 3143 divisit
802 3059 976 3142 siecundum
1000 3077 1104 3162 legem
1127 3077 1225 3144 hanc:
1254 3075 1281 3142 si
1297 3083 1384 3144 certo
1399 3078 1474 3143 loco

337 3182 537 3270 stropharum
565 3181 608 3246 ad
637 3180 723 3246 idem
753 3181 884 3247 schema
905 3181 1070 3246 metricum
1094 3181 1306 3248 confectarum
1329 3181 1474 3246 omnium

339 3287 411 3370 (vel,
440 3293 474 3352 ut
495 3305 558 3350 uno
579 3285 677 3350 verbo
701 3284 855 3368 dicamus,
881 3285 1028 3350 omnibus
1049 3285 1128 3351 locis
1151 3284 1386 3370 parallelis)
1414 3305 1475 3350 vo-

335 3391 484 3456 cabulum
505 3389 624 3470 finitur,
650 3407 762 3455 versus
783 3389 857 3454 finis
880 3388 1028 3456 constitui
1049 3395 1163 3474 potest,
1188 3395 1221 3454 et
1235 3387 1263 3454 si
1277 3388 1310 3454 in
1330 3408 1395 3454 una
1417 3389 1474 3454 vel

336 3493 481 3580 pluribus
511 3491 652 3576 strophis
682 3491 807 3558 accedit
831 3491 939 3558 hiatus
961 3492 1013 3558 vel
1036 3492 1166 3578 syllaba
1188 3510 1323 3576 anceps,
1357 3511 1475 3557 versus

335 3597 430 3662 linem
454 3595 602 3662 constitui
623 3615 757 3662 necesse
779 3601 839 3662 est.
886 3595 1056 3662 Praeterea
1082 3615 1194 3662 versus
1217 3595 1305 3661 exire
1328 3613 1390 3660 non
1414 3615 1476 3680 po-

335 3707 397 3767 test
418 3700 452 3765 in
474 3699 664 3765 vocabulum
687 3699 820 3782 elisum,
850 3719 953 3783 neque
975 3699 1117 3783 incipere
1138 3699 1180 3764 ab
1203 3697 1349 3764 enclitico
1372 3707 1430 3764 aut
1451 3719 1476 3764 a

334 3803 499 3892 particulis
521 3807 584 3886 μέν
606 3809 638 3869 ct
661 3801 707 3868 δέ.
748 3802 939 3888 Discrcpant
960 3809 1067 3868 autem
1091 3823 1162 3868 eum
1185 3801 1246 3867 hac
1268 3802 1383 3885 regula
1405 3808 1475 3868 tarn

334 3909 429 3994 pauci
450 3907 522 3990 loci,
549 3912 584 3972 ut
606 3904 798 3972 emendandi
821 3926 894 3972 esse
916 3905 1095 3973 videantur.
1137 3906 1242 3990 Atque
1265 3925 1337 3970 com
1359 3907 1476 3990 Tycho

335 4013 512 4078 Mommsen
533 4029 643 4077 omnes
666 4009 817 4076 elisiones
839 4010 872 4075 in
894 4009 1009 4075 finibus
1031 4029 1180 4075 versuum
1202 4007 1406 4076 emendando
1421 4029 1478 4076 re-

334 4116 505 4199 movisset,
539 4113 725 4180 Theodorus
748 4113 872 4197 Bergk,
904 4113 1097 4179 novissimus
1125 4111 1227 4180 editor
1253 4111 1407 4196 Pindari,
1442 4115 1476 4180 in

335 4221 504 4287 Poetarum
534 4217 704 4303 lyricorum
735 4214 873 4284 editione
895 4223 1010 4302 quarta
1031 4221 1178 4300 quattuor
1200 4215 1278 4282 locis
1302 4215 1476 4284 elisionem

334 4324 366 4389 in
389 4324 452 4390 fine
474 4341 622 4390 versuum
645 4320 785 4387 admisit.
