3226 4932
605 441 645 450 -
693 403 779 487 [coo]
827 441 867 452 -
1242 409 1302 470 cur

172 611 238 656 uum
266 589 449 676 rhythmum
480 591 513 656 in
543 591 646 676 primo
676 599 869 678 systemate,
902 595 971 662 sire
1001 596 1086 679 quod
1108 595 1199 662 initio
1220 596 1304 663 anti-

172 695 307 778 quiorem
335 702 368 762 et
396 695 622 782 simpliciorem
652 717 771 763 morem
800 697 1006 765 audientibus
1035 699 1206 782 gratiorem
1235 700 1303 768 fore

172 805 330 885 putarent,
363 798 432 866 sive
461 807 497 866 ut
524 799 663 868 firmiore
685 807 718 868 et
739 801 884 870 faciliore
906 801 1055 888 rhythmo
1076 801 1203 870 initium
1226 825 1303 870 can-

172 903 284 970 toribus
306 903 435 970 facilins
456 903 639 971 redderent.

250 1006 316 1074 Sed
338 1029 410 1074 cum
432 1007 616 1074 rarissimus
638 1007 808 1075 trochaeus
832 1009 882 1090 sit,
909 1009 977 1076 reri
999 1017 1049 1076 est
1071 1009 1177 1076 simile
1192 1031 1303 1077 accos-

172 1111 247 1178 sisse
276 1130 405 1178 causam
434 1112 576 1196 aliquam
603 1112 637 1177 in
670 1112 851 1178 intervallis
885 1112 1018 1179 musicis
1051 1113 1205 1200 positam,
1241 1134 1305 1198 qua

171 1215 441 1282 commendaretur
469 1215 639 1282 trochacus
668 1235 727 1302 pro
758 1216 900 1301 spondeo
928 1216 1101 1283 admissus.
1149 1217 1185 1282 Si
1214 1238 1242 1284 e.
1269 1237 1301 1300 g.

171 1339 205 1385 eo
226 1321 315 1403 loco,
348 1321 404 1386 ubi
434 1319 596 1406 spondeus
619 1340 659 1386 ex
681 1319 831 1386 trochaeo
853 1319 1016 1386 retardato
1038 1326 1127 1387 ortus
1149 1320 1223 1406 poni
1246 1321 1305 1386 de-

171 1424 278 1508 bebat,
309 1429 454 1490 tonorum
482 1423 655 1490 intervalla
688 1425 780 1509 (quae
802 1423 991 1507 melodiam,
1023 1425 1094 1508 vel,
1126 1431 1162 1490 ut
1182 1424 1306 1509 antiqui
1335 1445 1340 1452 ·

169 1527 324 1608 dixerunt,
350 1527 548 1594 harmoniam
570 1527 723 1612 efficiunt)
760 1529 943 1596 cantoribus
965 1528 1188 1596 difficultatem
1210 1548 1305 1614 prae-

168 1631 299 1714 bebant,
332 1631 400 1698 lieri
422 1631 525 1717 potuit
547 1639 583 1698 nt
603 1632 778 1699 retardatio
799 1632 874 1716 illa,
908 1653 991 1716 quae
1022 1654 1093 1699 cum
1116 1632 1306 1698 difficultate

168 1735 344 1820 rhythmica
366 1736 537 1803 coniuncta
557 1743 624 1819 est,
657 1736 840 1820 tolleretur,
866 1756 907 1804 ne
930 1743 1075 1804 cantores
1098 1736 1211 1803 eodem
1233 1735 1305 1802 loco

168 1845 198 1906 ct
219 1839 359 1907 melodia
380 1847 413 1906 et
434 1838 583 1925 rhythmo
606 1840 799 1907 laborarent.

696 2030 768 2114 §a

254 2153 303 2218 llx
332 2153 522 2236 fragmentis
552 2157 717 2238 poetarum
741 2151 913 2236 lyricorum
935 2159 1062 2238 praeter
1083 2153 1215 2219 Pindari
1236 2154 1308 2238 epi-

168 2257 252 2322 nicia
274 2277 338 2322 non
360 2258 462 2322 multa
484 2277 568 2340 quae
590 2255 632 2321 ad
655 2255 741 2320 hanc
765 2256 985 2338 quaestionem
1008 2257 1189 2342 pertineant
1210 2257 1309 2323 disci-

169 2381 250 2442 mus,
276 2361 353 2444 quia
375 2380 480 2446 pauca
501 2380 543 2426 ex
564 2359 754 2444 fragmentis
777 2360 915 2426 servatis
938 2367 1090 2445 excerpta
1111 2367 1185 2426 sunt
1200 2381 1240 2426 ex
1256 2359 1307 2426 di·

165 2464 267 2530 versis
297 2464 436 2550 strophis
457 2463 603 2530 eiusdem
626 2461 788 2529 carminis.
836 2463 875 2530 In
897 2484 959 2530 uno
982 2471 1088 2530 antem
1112 2463 1301 2548 fragmento,

165 2567 252 2650 qnod
267 2567 359 2633 nobis
374 2567 538 2652 stropham
554 2567 690 2652 primam
707 2567 800 2632 scolii
816 2567 974 2652 integram
991 2575 1024 2634 et
1038 2574 1197 2653 quattuor,
1223 2589 1307 2652 quae

164 2677 352 2756 sequuntur,
378 2672 579 2758 stropharum
602 2677 711 2756 partes
734 2671 877 2756 praehet,
904 2671 943 2737 fr.
966 2675 1026 2736 122
1056 2672 1138 2758 (ug.)
1166 2673 1306 2756 quinque

164 2775 245 2842 locis
267 2777 321 2842 lex
343 2775 402 2841 illa
425 2777 596 2842 observata
618 2781 683 2842 est:

679 2877 705 2906 u

323 3007 394 3071 στρ.
414 2981 444 3048 α’
465 2988 478 3047 1
527 2980 720 3063 Πολύξενον
742 2979 893 3061 νεάνιδες
912 3034 1033 3048 .....

322 3109 393 3174 στρ.
412 3085 443 3170 tf
464 3093 477 3151 l
525 3081 606 3170 ὑμῖν
629 3081 754 3153 ἄνευθ’
782 3085 967 3174 ἐπαγορίας
986 3137 993 3151 .

322 3213 393 3278 στρ.
413 3189 440 3257 d‘
462 3197 475 3256 1
523 3189 709 3275 διδάξαμεν
730 3189 882 3279 χρυσόν.
904 3243 911 3256 .
934 3243 941 3256 .
963 3243 970 3256 .

167 3302 252 3383 (στρ.
280 3294 307 3383 γ’
333 3316 447 3362 versus
472 3301 485 3360 1
512 3296 630 3382 periit.)

564 3399 908 3455 -Lo-!LuLv

323 3525 395 3591 erp.
414 3501 444 3567 α’
464 3509 483 3568 2
526 3507 682 3580 Πειθοῦς
705 3501 742 3569 ἐν
765 3497 882 3590 ἀφνοῷ
905 3507 1070 3590 Κορίνθῳ

160 3630 240 3695 στρ.
265 3605 296 3690 tf
321 3609 450 3692 longam
474 3608 589 3690 habet,
622 3607 658 3672 in
687 3607 820 3690 reliquis
851 3607 990 3692 strophis
1012 3626 1125 3673 versos
1148 3605 1308 3672 secundus

157 3733 231 3778 non
255 3719 402 3780 servatus
425 3719 485 3779 est.

323 3943 395 4008 στρ.
416 3917 445 3985 α’
463 3925 483 3984 4
528 3925 675 4002 θυμιᾶτε
700 3914 873 3984 πολλάκι.
895 3967 901 3982 .
923 3969 929 3982 .

324 4046 396 4112 στρ.
415 4021 442 4090 ὅ
463 4029 478 4087 4
526 4021 713 4110 φορβάδων
735 4028 865 4108 κορᾶν.
888 4073 894 4086 .
917 4073 923 4086 .

157 4153 240 4216 στρ.
266 4127 297 4210 β’
323 4135 355 4195 et
378 4151 449 4214 στρ.
476 4123 503 4212 γ’
528 4129 658 4211 longam
681 4127 810 4193 habeut.

255 4233 358 4298 Versu
389 4232 499 4315 quinto
527 4239 593 4298 tres
616 4231 768 4317 strophae
790 4236 938 4297 servatae
961 4231 1092 4296 brevem
1116 4229 1237 4294 habent
1258 4249 1311 4294 ar-

161 4336 221 4404 sin
245 4335 439 4424 praefixam:
