3226 4932
598 488 640 496 -
686 451 773 535 [aar]
821 489 861 497 -
1257 455 1298 515 ca

160 640 372 726 ithyphallieo
392 639 419 724 [ξ
434 641 521 722 332],
541 640 582 706 de
596 645 781 706 tetrametro
795 639 932 707 iambico
946 641 1133 708 catalectico
1150 642 1294 724 [399])‚*)

161 764 377 828 magnumque
399 742 459 808 hoc
480 742 652 809 discrimen
675 751 726 810 est
744 743 829 810 inter
850 743 1044 810 Graecorum
1068 751 1100 810 et
1115 745 1299 810 Latinorum

161 855 261 914 artem
284 867 434 914 versuum
457 845 719 931 pangendum,
751 847 838 929 quod
863 847 897 912 hi
920 847 1148 931 paenultimam
1172 849 1299 913 solvunt

162 959 194 1016 et
204 951 238 1016 in
253 957 437 1017 tetrametro
453 949 661 1035 anapaestico
676 950 878 1016 catalectico:
899 950 998 1016 veluti
1011 950 1114 1016 Plaut.
1130 950 1196 1015 Mil.
1217 953 1297 1015 1048

82 1099 85 1104 ·
211 1073 263 1136 Ac
279 1071 347 1153 illc,
367 1093 445 1156 qaae
460 1071 575 1154 da'pa'tos
591 1071 749 1155 despoliat
763 1094 833 1136 suos
850 1073 881 1136 ct
896 1081 964 1136 taos
978 1071 1093 1156 dipitos
1108 1073 1244 1151 dc'corat,

162 1191 248 1274 etin
271 1197 454 1257 tetrametro
476 1189 612 1256 iambico
635 1191 836 1258 catalectico:
864 1191 964 1257 veluti
986 1191 1090 1257 Plaut.
1116 1191 1185 1256 Mil.
1210 1193 1271 1256 937

304 1312 347 1375 Ut
361 1313 562 1376 concubinam
577 1311 689 1374 militis
704 1333 789 1374 mma
804 1311 913 1395 hospes
929 1312 1044 1376 hdbcat
1058 1312 1159 1377 laodic.

248 1431 339 1510 Quae
372 1431 589 1516 discrepantia
622 1439 726 1497 utrum
760 1431 906 1498 inscitiae
933 1440 1098 1516 poetarum
1128 1433 1299 1499 latinorum

162 1535 331 1601 tribuenda
368 1535 410 1599 sit
451 1535 579 1617 (ecimus
608 1534 693 1600 enim
723 1534 859 1600 comicos
888 1541 1001 1619 poetas
1029 1536 1160 1602 Latinos
1189 1535 1300 1602 modas

161 1641 181 1703 i.
209 1659 236 1704 e.
263 1638 421 1704 melodias
444 1638 644 1704 canticorum
661 1657 725 1702 non
747 1638 835 1722 ipsos
858 1637 993 1720 fecisse,
1026 1639 1167 1705 Graecos
1192 1641 1299 1706 numm

154 1741 357 1825 antiquiores
379 1740 505 1806 cantica
528 1749 561 1806 et
583 1740 699 1806 fecisse
721 1747 753 1806 et
774 1739 915 1806 melodia
935 1739 1152 1824 instruxisse),
1177 1763 1219 1808 an
1243 1743 1301 1807 de-

162 1845 294 1910 torsioni
316 1843 457 1929 rhythmi
480 1844 623 1910 consulto
647 1863 685 1909 ac
707 1841 844 1909 fortasse
863 1849 1028 1929 poetarum
1044 1863 1182 1927 magnae
1197 1845 1300 1910 Grae·

162 1949 243 2031 ciac,
269 1947 310 2013 do
332 1967 465 2030 quorum
488 1946 725 2012 versificatione
748 1945 816 2012 fere
835 1945 915 2012 nihil
931 1954 1125 2032 compertum
1142 1955 1201 2031 est,
1227 1947 1306 2022 imi-¹

160 2052 282 2118 tatione
305 2051 421 2130 factae,
448 2049 616 2116 diiudicari
639 2049 693 2114 vix
715 2055 830 2134 potest.
877 2050 982 2133 Atque
1009 2049 1148 2116 detorsio
1171 2051 1299 2134 quidem

162 2157 267 2220 exitus
296 2153 452 2220 naturalis
481 2174 502 2218 a
530 2153 663 2220 Graecis
692 2153 836 2219 consulto
865 2153 952 2218 facta
982 2153 1155 2218 manifesta
1185 2161 1234 2220 est
1266 2153 1299 2218 in

163 2259 341 2324 choliambo
369 2257 420 2340 (cf.
446 2257 564 2322 Christ.
590 2257 607 2342 ᾗ
632 2259 705 2340 423)

162 2503 202 2548 ex
225 2483 365 2548 trimetro
387 2481 526 2547 iambico

162 2706 204 2770 ad
234 2725 327 2772 usum
356 2703 530 2790 scepticum
560 2705 684 2770 effecto.
731 2703 790 2770 (lui
821 2704 1047 2770 deformationi
1078 2725 1130 2786 ea,
1166 2704 1206 2771 de
1237 2727 1301 2788 qua

162 2809 306 2894 agimus,
339 2827 403 2873 non
431 2826 559 2892 prorsus
587 2806 755 2873 dissimilis
785 2815 850 2892 est,
885 2808 1003 2893 quippe
1033 2828 1096 2890 que
1119 2808 1223 2874 exitus
1246 2809 1303 2876 fiat

163 2913 302 2993 mutilus,
329 2911 506 2976 clausulam
529 2911 708 2976 naturalem
732 2930 897 2998 respuens.

250 3015 288 3080 In
309 3015 412 3099 ipsius
429 3013 558 3079 Pindari
574 3014 713 3098 strophis
728 3013 847 3080 doricis
862 3015 897 3079 id
912 3013 1112 3098 potissimum
1128 3016 1302 3100 productae

163 3118 211 3182 illi
235 3136 403 3184 mensurae
427 3117 531 3182 exitus
554 3117 698 3183 feminini
721 3116 819 3200 favet,
845 3117 931 3200 quod
953 3116 1057 3184 exitus
1081 3117 1253 3184 femininus
1268 3121 1302 3184 in

162 3221 226 3286 fine
249 3220 450 3304 stropharum
472 3219 572 3286 multo
595 3219 790 3303 frequentior
813 3227 862 3286 eet
885 3220 972 3286 exitu
995 3219 1187 3287 masculino:
1227 3243 1301 3288 nam

165 3345 204 3389 ex
229 3329 283 3404 44,
316 3342 398 3405 quae
422 3329 547 3406 extant,
580 3323 781 3410 stropharum
805 3321 977 3390 schematis
1001 3327 1041 3387 28
1065 3325 1184 3389 exitum
1209 3324 1303 3390 ferni-

163 3427 272 3492 ninum
299 3425 433 3508 hahent,
466 3445 537 3492 cum
567 3427 600 3492 in
630 3426 746 3492 mediis
776 3427 915 3512 strophis
944 3447 985 3491 ex
1014 3427 1172 3492 contrario
1198 3428 1302 3493 exitus

165 3529 361 3596 masculinus
384 3529 579 3612 frequentior
601 3529 660 3595 sit:
686 3549 759 3594 nam
784 3549 823 3595 ex
846 3530 991 3595 versibus
1008 3533 1080 3612 202,
1107 3549 1186 3612 quos
1209 3531 1304 3597 sche-

165 3640 251 3700 mata
279 3632 411 3698 odarum
434 3633 675 3699 Pindaricarum
705 3633 884 3718 continent,
921 3639 974 3696 141
1011 3633 1099 3698 exitu
1125 3633 1303 3700 masculino

163 3737 300 3821 praediti
324 3744 408 3801 sunt.

173 3877 370 3888 —n—-o

235 3943 258 4005 'l
273 3942 349 3998 Unus
360 3943 439 3997 locus
448 3943 563 3997 Pindari
574 3943 772 4013 paenultimam
783 3943 905 4058 seligam
915 3943 1049 3998 exhibere
1058 3943 1172 3999 videtur
1186 3943 1208 3996 Ν
1217 3943 1261 3998 111
1274 3946 1304 3997 14

663 4045 689 4076 υ
704 4065 726 4076 -
742 4045 794 4078 W
870 4067 893 4076 .-

578 4078 763 4186 ltcllcipotrov
781 4047 890 4187 &plamae

163 4201 217 4256 sed
235 4207 394 4270 corruptam
413 4216 476 4256 esse
495 4201 567 4256 hanc
584 4201 736 4256 lectionem
754 4202 962 4259 demonstratur
980 4207 1088 4270 septem
1101 4202 1231 4260 versibus
1243 4219 1308 4274 par-

164 4288 257 4342 allelis
276 4289 387 4356 longam
406 4285 577 4342 habentibus
594 4287 802 4356 paenultimam.
834 4289 931 4361 Neque
949 4288 1008 4342 ulla
1020 4303 1050 4343 re
1064 4294 1179 4344 coactus
1192 4288 1307 4344 Momm-

164 4389 249 4428 senus
268 4371 349 4428 finem
369 4387 467 4429 versus
485 4371 508 4426 0
527 4373 553 4427 X
572 4387 616 4442 ep.
634 4375 644 4423 1
667 4410 689 4418 -
707 4377 743 4421 σς,
758 4393 784 4421 υ
797 4373 823 4420 Ξ
840 4375 882 4430 sic
901 4375 1061 4430 dimetitur:
1085 4413 1106 4420 -
1124 4399 1147 4422 υ
1165 4378 1202 4420 ω
1217 4372 1254 4438 ὗ,

1084 4464 1099 4512 5
