3274 4934
693 343 908 409 ...23-

235 519 436 586 'vulneratbdt
452 519 616 602 obiisset.
665 520 777 602 ltaque
800 527 870 584 culn
894 535 924 582 v,
949 521 985 582 12
1008 525 1165 604 appareat
1188 525 1253 582 τῶν
1277 512 1369 605 ἤλαά

233 623 286 689 vel
308 623 413 708 potius
436 629 482 708 τῷ
497 617 628 710 ἀνήλατ’
647 611 747 688 Ἆπιν
767 623 789 687 i.
809 643 838 688 e.
853 616 930 706 ‘quo
954 622 1111 707 percussit
1125 615 1258 706 Apem',
1281 621 1371 706 sequi

232 725 379 793 videatur
394 723 562 808 κάτθανε,
582 732 668 792 recte
683 743 814 792 censere
837 724 1092 791 nobisridemur
1107 723 1180 790 huic
1196 725 1263 790 loco
1279 723 1371 790 simi-

233 830 296 896 lem
330 831 463 897 subesse
493 830 534 896 de
557 830 726 916 cambysis
754 836 854 896 morte
883 829 1099 895 narrationem
1129 849 1192 911 qua
1214 828 1371 894 referatur

231 933 321 999 illuni
344 933 457 1001 eodem
479 935 624 1016 teloque
647 934 751 1020 Apem
774 951 900 1000 suorum
923 937 1071 1000 necasset
1092 932 1196 1018 ipsum
1219 932 1370 997 vulnera·
1422 955 1431 966 ·

232 1045 298 1104 turn
321 1038 451 1105 obiisse.
493 1038 596 1118 Quam
620 1037 811 1105 sententiam
834 1037 1068 1124 supplementis
1090 1035 1207 1102 nostris
1228 1035 1369 1121 exempli

231 1143 337 1226 gratia
352 1141 530 1230 exprimere
552 1141 656 1208 conati
679 1162 719 1208 ea
741 1149 854 1227 ectypo
869 1157 999 1226 prorsus
1020 1140 1126 1206 refelli
1141 1158 1203 1205 non
1219 1145 1268 1206 est
1284 1139 1369 1222 quod

231 1265 430 1313 moneamus.
456 1246 590 1332 Propius
602 1245 645 1312 ad
655 1245 845 1332 pentametri
858 1246 973 1311 ductus
984 1243 1153 1312 accederet
1165 1243 1259 1310 lectio
1272 1241 1362 1308 talis:

231 1345 308 1437 ἀορι
330 1349 469 1438 πληγείς
488 1349 494 1436 Ι
513 1357 560 1435 τῷ
578 1343 706 1437 'opino'
725 1338 825 1414 ’Ἆπιν
847 1343 990 1414 κάκτανε
1010 1345 1071 1414 τὸν
1090 1345 1190 1433 (obul)
1210 1350 1363 1434 θέραπα.

314 1505 354 1572 V.
376 1504 413 1568 ¹3
458 1508 563 1570 σέθεν
584 1501 660 1589 τόγε
684 1509 773 1594 θίγον
796 1497 940 1569 ἀλεσθσι
962 1523 1045 1588 quae
1074 1503 1193 1570 Kaibel
1214 1501 1363 1586 restituit,

229 1631 300 1676 cnm
324 1631 344 1675 a
366 1595 486 1696 Lepsio
509 1605 773 1674 (ΖΕΘΕΝΤΟΔ
796 1606 958 1688 tradatur,
994 1606 1226 1693 supplementis
1249 1605 1366 1673 nostris

229 1711 451 1800 posthabenda
473 1718 557 1778 sunt.

314 1869 353 1935 V.
376 1871 412 1932 ll
437 1867 553 1934 Kaibel
576 1887 647 1934 oum
668 1885 777 1933 veram
804 1866 971 1934 lectionem
989 1863 1104 1951 ψάχαν
1126 1859 1159 1930 δ’
1185 1859 1366 1932 ἀθανάταν

228 1975 351 2039 λοῖπον
374 1970 478 2037 ἔσωσε
499 1971 624 2056 [δέμας]
650 1991 746 2056 quam
762 1970 917 2037 Francius
931 1971 1099 2037 invenerat
1119 1990 1287 2056 perperam
1302 1969 1366 2036 rei-

227 2081 328 2160 ceret,
354 2075 450 2142 Bailir'
465 2076 722 2161 supplementum
745 2069 845 2140 ἀθλιε
868 2073 993 2152 orandas
1015 2073 1064 2139 ἔτι
1086 2080 1214 2140 secutus
1236 2073 1364 2158 scripsit

228 2177 343 2265 ψάχαν
365 2172 398 2244 d’
423 2171 620 2260 ἀθανάταν,
646 2172 789 2264 άφθιτε,
810 2177 936 2255 σιῖισάες
952 2172 996 2242 ἀι.
1023 2179 1171 2244 Ceterum
1190 2177 1218 2243 si
1233 2175 1362 2260 quidem

225 2285 339 2350 λοῑτον
353 2303 410 2367 pro
425 2282 548 2347 λοιπον
569 2279 602 2346 in
617 2280 727 2366 lapide
742 2288 908 2348 exaratum
931 2287 997 2365 est,
1024 2281 1133 2346 malim
1152 2281 1186 2347 ld
1202 2281 1362 2366 lapicidae

225 2385 323 2452 errori
338 2385 477 2453 tribuere
492 2405 587 2469 quam
603 2403 728 2452 sumere
744 2385 915 2450 Balbillum
932 2385 1108 2450 litterarum
1121 2407 1149 2448 ιτ
1160 2391 1192 2451 et
1204 2409 1222 2448 τ
1233 2405 1362 2470 permu-

224 2489 345 2555 tatione
359 2488 492 2571 aeolica‚
511 2507 595 2573 quae
609 2487 782 2554 invocibus
795 2493 910 2571 πέμπε
924 2489 1060 2572 (πέντε),
1081 2485 1185 2576 aplos
1204 2487 1357 2576 lapidod,

225 2593 359 2658 σιιέλλω
389 2591 534 2674 (στέλλω)
562 2590 733 2658 adhibetur
757 2593 798 2674 [v.
817 2592 943 2657 Abrens
958 2587 990 2656 d.
1009 2591 1092 2657 aeol.
1118 2613 1151 2677 p.
1170 2597 1207 2655 41
1234 2591 1306 2658 coll.
1325 2592 1358 2658 d.

224 2696 291 2762 dor.
310 2717 343 2782 p.
355 2699 395 2761 79
411 2695 503 2780 §lob
522 2701 642 2761 temere
657 2694 793 2760 abusam
810 2713 881 2761 esse
896 2694 930 2760 in
946 2695 1136 2762 contrariam
1152 2701 1285 2780 partem.
1310 2695 1362 2761 Ad

223 2797 414 2866 sententiam
429 2815 542 2865 versus
559 2798 668 2864 confer
679 2795 764 2882 quod
778 2795 811 2864 in
824 2797 964 2864 carmine
979 2798 1066 2883 apud
1080 2799 1176 2865 Kaib.
1190 2819 1222 2864 n.
1239 2804 1360 2882 reolus

222 2903 263 2969 de
285 2903 454 2969 Memnone
474 2899 694 2988 praedicatur:
733 2907 794 2968 τοῦ
816 2902 940 2968 λοιποῦ
962 2909 1065 2989 γῆρυν
1088 2899 1242 2986 σώματος
1265 2902 1359 2981 ’ἐντος

222 3004 301 3088 ἔχει.
319 3043 363 3053 -
384 3007 422 3071 V.
446 3010 482 3069 15
498 3005 654 3088 quomodo
676 3006 893 3073 restituendus
916 3007 973 3088 sit,
999 3003 1062 3092 γάρ
1078 3007 1237 3093 particula
1252 3008 1359 3091 aliquo

221 3109 314 3175 modo
336 3107 468 3174 indicat.
508 3109 663 3175 brennius
679 3109 808 3194 quidem
825 3109 909 3193 quod
929 3110 1158 3176 sententiarum
1174 3131 1290 3176 nexum
1308 3111 1358 3178 his

220 3211 327 3278 verbis
342 3211 532 3298 explicavit:
553 3233 630 3278 onon
641 3219 717 3298 puto
728 3211 903 3295 quidquam
915 3213 974 3280 tibi
988 3214 1174 3300 ademptum
1186 3214 1358 3280 infortunio

220 3315 297 3395 isto;
324 3323 397 3380 na'm
420 3313 530 3381 anima
550 3315 739 3382 immortalis
760 3316 839 3382 vivit
859 3316 892 3382 in
915 3337 1045 3403 corpore
1061 3321 1115 3384 tuo
1130 3318 1277 3401 residuo,
1304 3318 1359 3403 pia

220 3437 290 3484 sum
311 3439 390 3503 erga
411 3423 442 3484 te
465 3426 497 3485 et
517 3418 565 3504 pii
585 3418 714 3486 luerunt
735 3418 830 3486 etiam
847 3419 984 3486 maiores
1000 3420 1100 3487 mein:
1138 3421 1213 3508 ipsa
1228 3438 1268 3488 ea
1283 3439 1357 3488 sen-

290 3680 305 3741 Ι)
327 3678 393 3732 Hor.
420 3676 477 3742 ΙΙΙ,
504 3679 550 3731 Ι9ε
578 3671 614 3736 ὡς
636 3677 666 3733 δὲ
690 3675 800 3747 ἤγαγον
820 3675 871 3730 τὸν
894 3669 973 3732 ἵνίπιν
998 3677 1026 3732 σί
1050 3677 1133 3749 ἱρέες,
1161 3677 1176 3730 ὁ
1199 3678 1354 3751 Καμβύσης

217 3753 263 3815 σία
282 3761 336 3816 ίών
355 3758 597 3836 ὑπομαργότερος,
621 3761 803 3835 σπασάμενος
820 3760 852 3817 τὸ
873 3763 1057 3838 ίγχειρίάιον,
1078 3765 1186 3821 ἐθέλων
1198 3763 1287 3832 τύψαι
1306 3766 1356 3833 τὴν

216 3849 339 3920 γαστέρα
357 3850 406 3901 τοῦ
424 3848 515 3907 Ἄπιος
534 3849 611 3902 παίει
635 3847 687 3903 τὸν
709 3846 809 3924 μηρόν.
831 3882 844 3890 -
862 3882 876 3890 -
906 3847 936 3903 ‘0
953 3851 983 3907 ἀὲ
995 3843 1071 3911 Ἆπις
1090 3853 1286 3924 πεπληγμένος
1304 3852 1356 3907 τὸν

215 3933 308 4008 μηρὸν
327 3933 440 4007 ἔφθινε.
461 3967 495 3976 -
518 3931 556 3992 ib.
577 3939 624 3989 30:
646 3933 800 4009 Καμβύσης
819 3937 860 4001 δὲ,
882 3933 917 3996 ὡς
936 3939 1051 4008 λέγουσι
1063 3936 1233 4008 Αίγύπτιον,
1254 3937 1354 3994 αὐτίκα

216 4018 263 4073 ote
281 4023 362 4074 τοῦτο
379 4018 410 4074 τὸ
430 4019 553 4093 ἀδίκημα
565 4019 664 4093 ἐμάνη.
678 4053 712 4064 -
730 4023 768 4079 lb.
784 4026 829 4078 or:
851 4026 899 4078 καί
916 4023 943 4078 οἱ
959 4023 1116 4098 [Καμβύση]
1139 4023 1354 4100 ἀναθρώσκοντι

215 4105 262 4162 ἐπὶ
279 4104 331 4160 τὸν
348 4105 439 4161 ἵππον
456 4111 506 4160 τοῦ
524 4110 641 4162 κονλεοῦ
659 4113 708 4162 τοῦ
720 4110 818 4182 ξίφεος
837 4107 953 4183 ἀμύνης
966 4111 1135 4177 ἀποπίπτει,
1155 4111 1311 4186 γυμνώθὲν
1323 4116 1352 4171 ἀὲ

214 4190 245 4244 τίν
265 4194 348 4266 ξίφος
367 4195 445 4247 παίει
464 4191 514 4247 τὸν
530 4190 632 4269 μηρόν.
653 4196 858 4269 τρωματισθείς
877 4199 905 4253 δὲ
924 4197 995 4252 κατὰ
1014 4203 1110 4264 τοῦτο,
1130 4203 1161 4274 τῇ
1182 4197 1266 4261 αὐτὸς
1284 4200 1353 4278 πρό-

212 4297 292 4354 τερον
309 4279 360 4336 τὸν
377 4285 433 4338 τῶν
451 4273 616 4356 Αἰγυπτίων
634 4281 705 4339 θεὸν
717 4275 795 4340 τΛσιν
814 4282 911 4355 ίπληξε
930 4287 987 4344 κτλ.
