3274 4934
651 401 866 464 ..55-

192 591 220 657 A
238 587 295 657 sed
319 590 415 657 etiarn
431 589 618 676 Sarapionis
638 589 686 675 [B]
705 591 805 658 rerba
827 590 1021 674 imitaretur,
1043 575 1127 656 Ἶσιν
1148 611 1211 656 non
1233 579 1329 656 Eiorv

190 697 282 763 dedit
296 717 355 762 neo
372 718 402 762 v.
423 700 442 760 2
458 692 519 784 τὴν
535 693 572 762 ἐν
589 697 711 773 Φίλαις
726 704 855 782 praeter
869 705 1003 762 metrum
1019 695 1156 762 addidit.

680 901 837 968 XXXII.

276 1057 312 1125 O.
339 1059 365 1124 Ι.
393 1059 433 1124 G.
457 1061 553 1122 4943.
576 1062 657 1122 4944
680 1060 752 1124 ooll.
772 1055 857 1124 Add.
883 1057 931 1122 111
958 1081 989 1144 p.
1019 1061 1099 1124 1232
1120 1077 1168 1140 sq.
1209 1055 1326 1122 Kaibel

187 1185 219 1228 n.
238 1165 313 1228 981.
347 1163 485 1249 Lepsius
500 1163 545 1229 VI
560 1163 625 1228 tab.
646 1168 686 1228 89
704 1163 759 1228 Gr.
779 1166 852 1227 272.
872 1166 946 1228 273.
981 1163 1137 1248 Eotypum
1157 1162 1284 1228 contuli.

273 1301 324 1367 Ad
359 1309 481 1368 textum
513 1301 547 1366 in
579 1301 747 1367 Addendis
780 1323 801 1366 a
832 1302 967 1366 suanno
1001 1302 1209 1388 compositum
1245 1301 1326 1366 haee

187 1411 277 1470 noto:
305 1405 426 1471 formae
448 1403 480 1468 Θ
510 1402 592 1471 ete
616 1405 796 1489 promisoue
824 1413 1026 1489 usurpantur.
1051 1425 1081 1469 v.
1102 1410 1120 1468 3
1140 1401 1320 1486 terma]

187 1505 378 1588 rerum
405 1508 438 1572 rn
462 1508 525 1573 sne
546 1505 637 1571 ona
655 1551 663 1570 .
681 1550 691 1571 .
709 1505 896 1589 tonsos.
935 1529 966 1572 v.
987 1489 1322 1590 5Φ1ΛωΝ1ΦΙΛΑ.

52 1597 57 1606 '
185 1633 217 1676 v.
248 1617 265 1675 r
300 1609 603 1692 suanense,
644 1632 673 1674 v.
701 1615 720 1674 o
752 1607 1322 1692 arrrnrororarrrnroro.

186 1737 218 1781 v.
241 1720 279 1780 13
307 1713 906 1799 ΑΞΙΟΟωΡΟΝ1ΑΞΙΘΕωΡΟΝ.
941 1738 971 1782 v.
997 1720 1034 1778 14
1059 1711 1321 1797 ..numera

189 1817 462 1884 ΗΝΠΑΝΤΕΟ.
490 1817 692 1902 ΛΟΔΡΕΟ]
709 1817 915 1884 ΑΝΔΡΕΟ.
947 1820 981 1885 in
999 1819 1061 1884 fine
1086 1841 1117 1884 v.
1136 1813 1321 1903 ΟΕΜΝΥ]

188 1921 369 1988 ΟΕΜΝΥ.

242 2029 245 2036 “
273 2028 340 2092 114
359 2028 457 2092 uerba
475 2029 647 2112 Καίσαρος
663 2019 831 2108 εὐτυχίαις
844 2026 1014 2092 Kaibelius
1029 2025 1071 2090 ad
1087 2045 1263 2090 »romanam
1281 2024 1326 2089 oi-

178 2131 349 2212 uitatem«,
376 2130 427 2194 oui
450 2151 490 2195 ex
505 2132 657 2214 Aegypto
679 2131 851 2212 quotannis
866 2151 994 2196 annona
1005 2129 1226 2215 adportaretur
1241 2128 1326 2193 refe-

186 2233 285 2298 renda
308 2252 380 2298 esse
403 2233 583 2298 arbitratur.
625 2232 690 2298 Sed
713 2233 861 2314 quoniam
886 2253 1015 2298 carmen
1036 2255 1056 2298 a
1078 2235 1178 2298 latere
1197 2232 1326 2297 sinistro

185 2343 297 2422 portae
319 2335 542 2402 Philometoris
563 2335 646 2400 inter
667 2336 782 2401 seriem
806 2337 902 2402 Kaib.
921 2358 953 2401 n.
972 2340 1154 2402 978-980.
1174 2339 1235 2400 985
1261 2343 1321 2402 eto.

184 2441 380 2525 insculptum
402 2447 468 2522 est,
492 2460 570 2505 vooe
594 2443 766 2525 Καίσαρος
788 2439 1011 2524 imperatorem
1028 2441 1208 2524 Augustum
1223 2439 1325 2523 signi-

185 2545 275 2610 fioari
298 2545 420 2624 eluoet,
452 2564 515 2626 quo
537 2544 672 2610 feliciter
695 2551 849 2627 regnante
871 2545 1039 2630 Aegyptus
1066 2545 1133 2610 Nili
1159 2544 1325 2610 benefieiis

185 2657 332 2732 augetur.
358 2685 394 2696 -
428 2649 464 2712 V.
486 2653 504 2711 5
529 2668 585 2732 pro
610 2641 742 2712 ἄνασσα
774 2649 887 2712 oram
915 2649 1007 2730 quod¹
1026 2649 1149 2714 Bailius
1179 2647 1321 2728 tradidit,

186 2761 337 2836 eotypum
354 2745 485 2816 ἄνασσα
504 2731 617 2832 ΦΙΛΑ
633 2751 774 2817 exhibet.
812 2751 906 2830 Quod
922 2752 950 2816 si
966 2751 1185 2834 retineremus,
1212 2731 1325 2833 ΦΙΛΑ

189 2855 292 2922 forma
308 2853 416 2920 dorioa
432 2862 518 2920 esset
532 2875 590 2939 pro
607 2856 688 2942 φίλη
712 2855 873 2935 abhibita;
900 2855 958 2920 sed
974 2876 1045 2922 eum
1062 2855 1182 2922 formae
1198 2855 1325 2921 doricae

186 2978 368 3026 asermone
383 2959 523 3024 anotons
546 2958 752 3042 abhorreant,
779 2959 958 3044 lapidarius
983 2960 1142 3026 erravisse
1163 2960 1326 3045 putandus

185 3071 234 3129 est
245 3085 319 3130 oum
334 3064 472 3129 seribere
485 3063 585 3128 vellet
601 3059 733 3128 ἄνασσα
750 3065 879 3140 &stom
902 3063 1089 3148 praesertim
1107 3084 1178 3130 eum
1191 3085 1220 3129 v.
1234 3069 1252 3128 6
1265 3063 1326 3128 Sa-

155 3157 160 3171 ’
185 3167 309 3252 rapidis
321 3167 416 3232 sedes
428 3166 576 3232 similiter
586 3166 734 3233 addatur.
751 3205 784 3216 -
797 3168 835 3234 V.
849 3173 882 3231 tt
895 3167 1251 3249 Wilamowitzinsqnod
1261 3174 1327 3230 tra-

185 3269 286 3336 ditum
299 3279 349 3336 est
359 3267 462 3346 ναούς
474 3269 507 3334 in
516 3266 619 3346 λαούς
628 3271 773 3352 correxit,
786 3271 936 3354 quoniam
945 3291 1009 3336 una
1021 3271 1090 3336 sola
1099 3270 1247 3336 aedienla
1255 3290 1325 3335 oum

185 3375 283 3440 Isidis
298 3374 439 3458 imagine
455 3375 592 3438 navibus
607 3375 708 3440 allata
723 3382 819 3440 esset.
852 3375 949 3456 Atqui
971 3397 1034 3440 nou
1051 3376 1152 3440 solum
1169 3374 1210 3441 de
1226 3375 1327 3459 pluri-

185 3479 246 3544 bus
262 3477 420 3544 aedioulis
436 3499 454 3544 e
470 3477 607 3543 diversis
622 3479 750 3544 Nubiae
765 3479 895 3564 templis
909 3479 1097 3564 adportatis,
1123 3499 1207 3561 quae
1234 3497 1324 3542 suam

183 3603 330 3667 quaeque
346 3581 441 3646 Isidis
456 3581 629 3664 imaginem
646 3583 855 3664 eontinerent,
875 3583 1007 3666 eogitari
1023 3602 1119 3668 posse
1135 3581 1324 3648 {etronnius

184 3687 425 3766 animadvertit,
440 3687 499 3752 sed
514 3687 641 3752 etiamsi
657 3687 831 3772 Aethiopes
847 3705 957 3752 omnes
973 3708 1069 3752 unam
1090 3687 1227 3753 eandem
1242 3686 1327 3750 irua-

185 3793 294 3877 ginem
318 3791 501 3874 coluissent,
528 3812 599 3857 eum
623 3791 710 3857 lside
742 3791 773 3856 αἱ
798 3790 938 3858 σύννααι
960 3796 1039 3856 θεοί
1061 3793 1092 3857 in
1116 3811 1176 3857 sua
1191 3791 1326 3874 quisque

189 3897 339 3964 aedicula
353 3897 460 3962 afferri
476 3902 633 3982 poterant.

665 4083 846 4150 XXXIII.

271 4207 307 4273 O.
327 4205 353 4272 Ι.
379 4207 418 4273 G.
438 4207 522 4272 Add.
542 4207 590 4274 111
614 4230 646 4294 p.
666 4210 745 4272 1233
769 4230 801 4273 n.
820 4209 945 4274 494414.
980 4207 1117 4294 Lepsios
1133 4208 1177 4273 VI
1193 4209 1258 4274 tab.
1279 4211 1316 4272 91

186 4313 242 4378 Gr.
266 4315 341 4376 316.

1099 4435 1114 4482 o
