3226 4932
336 411 376 471 oo
770 441 813 451 --
861 405 946 487 [aaa]
993 441 1035 451 -
1111 433 1114 438 -

335 597 399 662 tius
421 596 454 662 in
476 595 631 662 Nemesin
654 593 821 679 compositi
842 601 916 660 sunt
937 611 978 658 ex
1000 591 1123 658 duobus
1146 591 1310 674 versibus,
1336 610 1465 674 quorum

336 701 418 766 alter

715 816 766 848 w
781 799 805 846 .'.
818 818 869 847 υυ
886 835 907 844 -
925 813 973 845 w
991 835 1013 844 -
1030 815 1054 846 υ
1069 799 1094 844 Ξ

338 911 388 972 est
415 903 596 989 tetrapodia
624 901 813 988 logaoedica
843 902 1021 968 acatalecta
1049 899 1207 966 scandens
1235 901 1321 985 (quia
1343 899 1385 964 ab
1407 899 1467 964 arsi

337 1007 476 1092 incipit),
502 1007 584 1074 alter
606 1025 680 1072 vero

718 1127 769 1155 υυ
783 1109 807 1154 .’
822 1127 872 1156 w
889 1145 910 1153 ..
929 1125 976 1155 w
996 1126 1055 1160 u„-
1071 1105 1096 1152 *A

339 1233 532 1298 quamquam
563 1211 701 1294 speciem
732 1211 864 1294 praebet
892 1209 1103 1295 paroemiaci,
1137 1211 1160 1274 i.
1187 1231 1217 1276 e.
1243 1209 1371 1274 dimetri
1397 1229 1471 1274 ana-

341 1315 475 1402 paestioi
499 1313 688 1392 catalectici,
714 1313 789 1396 qnia
811 1333 881 1379 cum
904 1315 1005 1380 altero
1028 1313 1213 1378 coniunctus
1235 1319 1297 1391 est,
1326 1331 1398 1380 esse
1420 1311 1472 1377 de

341 1421 395 1486 bet
417 1418 487 1501 ipse
510 1435 769 1500 quoqueversus
792 1416 1016 1500 logaoedicus3
1042 1422 1138 1498 atque
1161 1435 1273 1482 revera
1294 1435 1333 1481 co
1355 1421 1472 1482 tanturn

343 1521 441 1586 distat
463 1521 503 1584 ab
526 1519 644 1600 altero‚
671 1519 756 1602 quod
778 1520 859 1585 arsis
882 1520 995 1585 ultima
1016 1539 1087 1584 cnm
1111 1519 1194 1585 thesi
1216 1519 1423 1604 praecedenti
1444 1520 1473 1584 in

343 1626 470 1708 longam
502 1623 666 1688 trisemam
695 1623 864 1688 coniuncta
893 1629 952 1689 est.
1000 1623 1067 1689 Hoc
1096 1629 1204 1688 autem
1233 1621 1318 1688 notis
1347 1623 1394 1688 ita
1423 1643 1474 1688 cx·
1578 1665 1579 1674 η

344 1727 499 1813 primitur,
526 1731 561 1790 ut
584 1743 706 1809 pausae
728 1724 855 1808 signum
875 1727 932 1808 (A,
953 1725 981 1808 l)
1007 1733 1080 1810 post
1101 1733 1209 1792 notam
1233 1725 1389 1792 musicam
1413 1727 1474 1810 syl·
1578 1755 1579 1800 t

344 1833 438 1896 labae
460 1827 685 1914 producendae
708 1835 956 1912 superponatur:
985 1847 1014 1893 c.
1040 1849 1072 1911 g.

1091 1932 1123 1995 ιλ

633 2011 834 2082 Ῥοὸόεσσαν
856 2013 893 2092 ὃς
917 2010 1042 2100 ἄντυγα
1066 1957 1189 2082 rnoldo

345 2121 520 2206 Bergkius‚
552 2127 719 2204 postquam
742 2119 822 2186 haec
844 2119 878 2184 in
901 2118 1099 2204 praefatione
1122 2121 1306 2206 Lyricorum
1330 2123 1478 2188 editionis

345 2225 403 2291 lll.
430 2223 586 2308 exposuit,
614 2223 660 2288 ita
682 2229 789 2287 tamen
812 2229 847 2287 ut
868 2229 996 2308 putaret
1018 2223 1170 2288 limmatis
1192 2224 1319 2308 signum
1347 2229 1406 2308 (A)
1433 2226 1479 2290 rel

346 2327 558 2394 adiectionem
579 2323 805 2410 (πρόσθεσιν),
832 2344 926 2406 quam
942 2345 1000 2391 nos
1016 2323 1117 2412 τονήν
1131 2328 1342 2412 appellamus,
1373 2329 1426 2394 vel
1441 2328 1480 2394 si-

346 2431 480 2497 lentium
511 2429 606 2494 etiarn
634 2427 667 2492 in
697 2427 802 2493 medio
825 2447 920 2494 uersu
943 2435 975 2494 et
996 2429 1029 2494 in
1052 2429 1158 2495 medio
1180 2431 1336 2496 vocabulo
1362 2431 1482 2515 signiti-

347 2554 431 2600 care.
457 2533 491 2596 in
514 2531 686 2598 schematis
708 2530 859 2596 editionis
874 2539 1006 2613 quartae
1022 2532 1218 2598 adornandis
1233 2533 1294 2598 hoo
1310 2535 1407 2618 signo
1428 2539 1476 2613 (A¹

348 2656 426 2703 usus
446 2641 504 2716 est,
532 2634 712 2717 ubicunque
735 2635 817 2699 arsis
840 2629 977 2700 deficere
999 2635 1032 2699 in
1056 2635 1161 2700 medio
1184 2637 1253 2702 colo
1276 2637 1306 2702 ei
1329 2638 1404 2705 visa
1426 2647 1480 2704 est.

348 2741 382 2805 in
406 2738 501 2804 dubio
524 2737 723 2820 relinquens,
759 2757 834 2801 num
865 2736 946 2802 haec
972 2737 1054 2802 arsis
1077 2739 1242 2834 explenda
1260 2747 1346 2806 esset
1372 2761 1481 2846 pausaJ
1578 2759 1579 2770 ³

349 2862 445 2926 quam
467 2840 564 2906 etiam
586 2839 620 2903 in
642 2838 756 2905 mediis
779 2840 943 2904 vocabulrs
966 2838 1036 2906 fieri
1057 2841 1200 2924 potuisse
1223 2850 1323 2927 putat,
1349 2865 1397 2910 an
1419 2866 1485 2931 pro
1578 2899 1579 2936 p

351 2944 498 3011 ductione
534 2945 631 3026 (roupi)
671 2941 763 3022 (Adn.
789 2942 832 3007 ad
855 2943 985 3008 schema
1008 2941 1034 3010 0
1057 2943 1072 3008 I
1094 2944 1127 3008 in
1150 2943 1199 3010 ed.
1226 2945 1296 3028 IV).
1349 2945 1391 3012 Iu
1422 2968 1486 3014 car-
1578 2939 1579 2966 ¹

351 3047 489 3113 minibus
511 3045 627 3111 doricis
650 3044 748 3128 igitur
769 3043 829 3110 hoc
853 3044 946 3129 signo
975 3049 1030 3128 (A)
1065 3067 1128 3112 non
1150 3067 1228 3113 usus
1251 3057 1301 3113 est
1322 3050 1391 3116 nisi
1414 3051 1487 3117 duo

352 3153 412 3216 bus
436 3149 527 3228 locis,
553 3148 608 3213 ubi
631 3147 777 3232 epitritus
800 3157 996 3233 syncopatus
1019 3155 1128 3215 extare
1152 3149 1278 3216 videtur
1299 3151 1329 3217 P
1353 3154 1372 3217 Ι
1395 3157 1488 3220 stul
1578 3141 1579 3144 '

354 3261 385 3319 et
407 3257 443 3333 3,
477 3273 551 3316 nam
581 3257 748 3335 praeterea
777 3251 858 3316 arsis
880 3252 913 3316 in
936 3251 1042 3317 medio
1065 3253 1134 3318 oolo
1157 3272 1331 3338 suppressa
1352 3255 1388 3320 in
1412 3263 1488 3322 stro-

353 3357 425 3442 phis
448 3354 564 3421 doricis
587 3353 795 3438 epiniciorum
817 3353 907 3418 nulla
922 3373 994 3420 esse
1011 3354 1146 3420 videtur.
1187 3355 1280 3422 Hunc
1295 3376 1391 3422 nsum
1409 3359 1489 3442 signi

353 3466 391 3522 A
413 3477 605 3542 quamquam
629 3475 688 3521 sua
709 3455 831 3522 ratione
853 3477 916 3522 non
939 3455 1125 3523 destitutum
1148 3458 1290 3543 recipere
1313 3461 1485 3527 noluimus.

354 3563 490 3646 primum
520 3559 596 3642 quia
625 3559 658 3624 in
687 3557 792 3624 medio
820 3561 976 3625 vocabulo
1005 3580 1140 3645 pausam
1171 3561 1240 3626 lieri
1262 3563 1410 3647 potuisse
1433 3585 1489 3630 non

354 3664 532 3744 credimus,
565 3661 682 3727 deinde
705 3661 863 3746 quiahoc
887 3663 979 3746 signo
1001 3662 1047 3728 ibi
1069 3663 1204 3746 utimur,
1239 3665 1294 3729 ubi
1317 3669 1490 3733 vocabulo

354 3789 423 3832 rum
446 3765 508 3830 fine
530 3765 564 3830 in
587 3765 732 3829 omnibus
755 3765 893 3849 strophis
917 3765 1029 3832 eodem
1052 3765 1123 3832 loco
1145 3766 1305 3834 incidente
1341 3770 1388 3850 (id
1411 3769 1490 3853 quod

355 3869 517 3934 rarissime
546 3868 580 3932 in
611 3867 717 3933 medio
747 3887 842 3933 versu
872 3867 925 3948 fit,
959 3875 1140 3934 constanter
1161 3869 1195 3934 in
1218 3878 1360 3938 ermanno
1385 3893 1479 3940 versu

355 3973 437 4039 arsis
459 3973 548 4037 nulla
572 3971 701 4054 syllaba
722 3990 876 4056 expressa
899 3971 1026 4037 videtur
1047 3991 1130 4049 esse,
1157 3993 1185 4038 e.
1213 3993 1245 4055 g.
1271 3971 1298 4040 0
1322 3977 1367 4041 Vl
1392 3985 1450 4042 str.
1478 3982 1487 4036 1

442 4298 581 4363 Maxime
603 4305 709 4363 autem
733 4318 771 4364 eo
794 4319 813 4362 a
836 4298 995 4363 communi
1017 4317 1074 4362 usu
1092 4299 1295 4382 recessimus,
1322 4301 1411 4383 quod
1428 4303 1494 4366 cola
