3274 4934
622 448 660 456 -
712 411 796 493 [nrt]
844 449 886 458 -
1298 413 1316 474 s

188 603 342 687 recipere,
369 619 452 685 quae
475 598 706 665 declamatione
728 620 853 684 quoque
876 599 1126 684 distinguantur,
1154 599 1319 667 confundit

188 705 282 772 ictum
306 702 495 770 rhetoricum
519 723 589 769 cum
611 703 676 770 ictu
699 703 878 790 rhythmico
899 710 932 769 et
952 703 1083 770 musico.

274 805 420 875 Tertia
448 805 712 891 quaestione,
744 827 808 892 qua
829 806 870 874 de
893 807 1021 892 syllaba
1041 805 1174 892 ancipiti
1196 806 1229 872 in
1251 827 1319 874 rne-

188 912 241 980 dio
263 930 360 978 versu
381 910 531 997 strophae
555 909 682 977 doricae
704 917 828 995 agetur,
854 912 988 996 probare
1004 910 1188 977 conabimur
1202 911 1320 977 utrius-

188 1037 252 1100 que
277 1013 404 1100 generis
427 1022 460 1081 et
482 1013 632 1100 dactylici
655 1019 688 1080 et
709 1013 859 1100 epitritici
881 1015 951 1080 oola
973 1014 1149 1080 acamlecta
1171 1014 1320 1100 strophae

189 1119 319 1187 doricae
341 1118 517 1186 secundum
539 1118 724 1203 rhythmum
747 1117 936 1185 severiorem
957 1137 1094 1201 eumque
1109 1117 1320 1200 antiquiorem

188 1224 307 1291 exiisse
327 1223 361 1290 in
384 1221 579 1303 trochaeum,
606 1220 748 1306 spondeo
771 1227 877 1287 autem
901 1242 959 1307 pro
980 1222 1130 1292 trochaeo
1151 1221 1255 1308 posito
1269 1242 1322 1288 re-

188 1327 308 1394 tardari
330 1326 524 1412 rhythmum,
550 1345 633 1409 quae
651 1324 823 1392 retardatio
838 1325 967 1392 Pindari
982 1332 1207 1411 temporetam
1223 1344 1321 1410 saepe

189 1433 274 1498 lacta
302 1429 412 1498 estin
440 1428 591 1496 extremis
620 1427 718 1512 colis,
751 1435 787 1495 ut
815 1429 976 1513 spondeus
1004 1428 1050 1494 ibi
1078 1449 1137 1514 pes
1159 1429 1321 1514 legitimus

189 1542 293 1620 esset,
324 1534 493 1601 trochaeus
523 1531 721 1618 exceptionis
750 1531 853 1598 locum
883 1541 996 1600 tenens
1018 1534 1112 1600 certis
1135 1533 1267 1600 sedibus
1288 1533 1321 1598 in

188 1639 278 1706 initio
300 1637 439 1704 maxime
461 1637 636 1705 carminum
660 1643 866 1722 compareret.

274 1742 431 1809 Aberrare
461 1741 660 1827 aliquantum
688 1747 720 1806 et
748 1740 782 1830 in
812 1739 939 1806 derium
968 1738 1055 1806 exire
1078 1759 1189 1806 vereor
1210 1759 1252 1805 ne
1273 1739 1321 1804 vi-

188 1846 323 1912 deantur
344 1846 425 1912 haec
447 1844 556 1911 studia
576 1844 610 1910 in
629 1843 826 1911 difficillimis
845 1843 1086 1928 quaestionibus
1101 1843 1242 1909 metricis
1258 1843 1324 1908 col-

188 1951 293 2017 locata
315 1950 362 2017 eis
385 1949 461 2016 viris
483 1948 594 2030 doctis,
621 1948 677 2031 qui
698 1955 754 2014 aut
775 1947 986 2014 hauriendam
1010 1967 1050 2012 ex
1072 1945 1199 2032 optimis
1221 1946 1323 2032 scrip-

189 2054 310 2121 toribus
333 2053 465 2120 Graecis
487 2051 732 2120 delectationem
757 2051 848 2118 unice
872 2049 1154 2118 commendandam
1177 2069 1250 2116 esse
1272 2049 1323 2115 iu-

188 2157 330 2223 nioribus
353 2157 492 2222 clamant
515 2163 571 2222 aut
592 2155 626 2222 irr
645 2155 705 2222 boc
722 2175 784 2220 uno
798 2155 932 2220 multum
948 2175 1043 2221 curae
1058 2154 1256 2236 multumque
1272 2172 1324 2218 se-

189 2260 334 2326 dulitatis
355 2259 603 2346 impendendum
620 2277 692 2325 esse
706 2258 908 2342 arbitrantur,
936 2265 971 2325 ut
985 2256 1149 2324 iudicandi
1164 2255 1323 2322 calliditas

189 2383 260 2429 crrm
290 2362 378 2428 vitiis
408 2363 606 2429 librariomm
631 2362 776 2429 socordia
798 2362 958 2428 contextui
980 2361 1168 2448 optiuromm
1193 2359 1325 2446 scripto-

189 2487 256 2532 rum
281 2467 419 2534 obtrusis
434 2466 582 2533 luctetur.
622 2464 687 2533 Sed
702 2485 806 2550 neque
822 2471 1029 2532 consenescat
1042 2463 1233 2531 Pindaricae
1246 2483 1325 2548 poe-

189 2571 233 2636 sis
263 2571 427 2654 elegantia
456 2569 660 2636 dimetiendis
689 2569 825 2656 pedibus
853 2590 891 2636 ac
915 2567 1152 2655 perpendendis
1175 2567 1320 2653 syllabis,

188 2695 248 2741 nee
276 2673 373 2740 facile
401 2675 434 2740 in
456 2673 588 2740 Pindari
615 2673 695 2740 locis
725 2672 900 2756 antiquitus
928 2671 1085 2757 corruptis
1114 2671 1324 2738 emendandis

189 2779 331 2863 palmam
354 2778 435 2845 leret
457 2778 610 2862 pusillum
634 2783 666 2842 et
687 2782 858 2860 angustum
882 2775 1045 2860 ingenium
1069 2795 1187 2857 eorum,
1214 2773 1269 2858 qui
1290 2773 1324 2839 iu

189 2887 391 2948 occurrentes
412 2899 525 2948 versus
544 2880 646 2947 obiter
661 2879 851 2946 coniecturis
866 2879 971 2945 furere
987 2878 1107 2960 soleut;
1134 2877 1210 2962 quin
1225 2878 1322 2944 etiam

188 2984 398 3052 refrenandos
428 2991 461 3052 ct
487 2984 678 3050 inhibendos
706 3001 778 3050 esse
807 2981 1099 3049 coniecturientium
1128 2982 1268 3066 impetus
1291 2980 1324 3045 in

190 3087 265 3154 crisi
283 3088 453 3155 Pindarioa
474 3087 648 3174 persuadet
671 3087 919 3154 clarissimorum
934 3085 1065 3151 Pindari
1088 3084 1243 3150 editorum
1267 3104 1324 3150 ex-

189 3192 339 3277 emplum,
366 3211 500 3274 quorum
523 3191 661 3258 salubris
684 3189 885 3278 providentia
906 3210 964 3256 nos
987 3188 1095 3254 docuit
1115 3207 1175 3254 nee
1197 3185 1325 3253 sordide

189 3293 348 3361 custodire
370 3295 523 3362 lectiones
545 3294 690 3379 traditas,
717 3293 772 3360 nbi
795 3291 969 3377 suspicioni
985 3291 1142 3358 obnoxiae
1158 3297 1240 3374 sunt,
1266 3309 1326 3356 neo

189 3397 323 3482 prodige
346 3417 499 3484 spargere
522 3399 719 3465 coniecturas
742 3398 775 3463 in
798 3396 877 3463 locis
898 3417 978 3481 quos
996 3403 1084 3462 certo
1099 3394 1214 3478 corrigi
1230 3413 1326 3479 posse

187 3499 351 3588 desperes.
