3238 4930
807 379 903 464 [222]

810 571 900 652 222.
1005 531 1009 538 ’

388 695 548 761 Probesse
563 695 640 760 mihi
656 693 768 760 videor
784 691 967 757 dochmium
983 714 1053 757 esse
1068 691 1238 777 tripodiem
1257 689 1427 754 iambicam

283 799 423 864 secundo
439 799 522 886 pede
538 807 747 886 syncopetem
764 803 861 882 atque
877 798 962 860 hunc
977 797 1008 860 in
1025 795 1152 861 modurn
1169 791 1427 860 describendam:

613 997 617 1006 -
732 963 759 1017 ῡ·
776 959 812 1028 Ψ
832 915 898 1013 d?
914 964 938 1015 u
957 958 993 998 υυ

391 1057 463 1123 Η22
486 1059 580 1123 colon
609 1058 794 1123 societatem
825 1058 883 1122 init
912 1063 944 1122 et
975 1077 1045 1120 cum
1076 1055 1145 1121 eliis
1175 1053 1321 1141 tripudiis
1348 1051 1426 1116 iaru-

284 1161 360 1226 bicis
383 1161 415 1226 id
439 1169 487 1228 est
510 1183 582 1226 curn
608 1161 743 1246 pedibus
776 1161 918 1226 iambicis
948 1181 1064 1225 norem
1093 1177 1253 1222 morarum
1286 1165 1319 1222 et
1349 1175 1424 1220 cum

281 1265 419 1350 pedibus
442 1288 501 1330 sex
524 1286 684 1330 morarum
707 1265 847 1330 iambicis
869 1265 1020 1349 (dipodiis
1035 1263 1132 1348 puris,
1157 1261 1307 1342 bracchiis,
1331 1259 1423 1324 creti·

169 1420 174 1430 .
284 1370 350 1452 eis).
395 1367 545 1454 Singulos
569 1369 692 1433 iambos
722 1369 876 1433 dochmiis
907 1367 1052 1432 adnexos
1084 1387 1155 1431 cum
1186 1366 1234 1430 his
1265 1365 1297 1427 iu
1327 1369 1426 1428 tetra·

283 1473 449 1558 podiarum
466 1494 581 1559 corpus
598 1495 667 1540 esse
682 1473 923 1560 coniungendcs
938 1481 1028 1558 puto.
1056 1468 1269 1556 Hexapcdias
1286 1467 1424 1550 denique

283 1580 445 1660 iambicos,
469 1580 607 1667 quaein
631 1579 769 1665 strophis
793 1577 985 1644 dochmiacis
1009 1582 1190 1656 occurrunt,
1212 1575 1244 1638 iu
1268 1589 1425 1659 suspenso

284 1683 429 1768 relinquo
453 1692 561 1748 utrum
579 1684 670 1747 malis
693 1691 842 1748 constare
856 1705 896 1746 ex
921 1681 1048 1747 duobus
1070 1677 1208 1766 pedibus
1226 1696 1427 1742 novenorum

284 1807 460 1852 morarum:

666 1912 706 1935 i-
762 1911 801 1935 i·-

546 1941 1143 2022 ὐ-υ-υ-Ιυ-υ-υ-,

283 2063 324 2128 an
347 2065 387 2108 ex
411 2045 512 2110 tribus
536 2066 684 2110 senarum
707 2065 883 2110 morarum:

660 2185 699 2211 b·-
780 2187 819 2209 t-

547 2217 1164 2296 u-u-io·u··!u···u-.

284 2318 363 2384 Mihi
385 2318 464 2383 illud
486 2324 649 2405 praestare
672 2321 806 2385 videtur.

805 2527 823 2610 s
845 2529 896 2592 22.

385 2645 549 2733 Superest,
571 2654 608 2711 ut
631 2646 765 2713 deloco
786 2648 1000 2712 Aristoxeneo
1025 2646 1100 2732 quid
1117 2666 1304 2712 censeamus
1322 2647 1426 2731 expli·

281 2771 398 2830 cemus,
422 2769 517 2835 quem
540 2758 616 2816 sunt
638 2751 692 2836 qui
715 2751 755 2816 ad
779 2771 906 2816 versum
928 2751 1148 2815 dochmiacum
1171 2750 1333 2836 pertinere
1363 2773 1424 2836 pu·

280 2859 359 2918 tent.
405 2853 540 2938 Legitur
561 2853 588 2918 is
610 2854 700 2918 locus
724 2855 755 2919 in
787 2855 850 2920 fine
879 2855 951 2918 libri
981 2853 1142 2936 ῥυθμικῶν
1169 2854 1337 2937 στοιχείων,
1369 2853 1425 2918 ubi

279 2956 494 3022 Aristoxenus
529 2957 570 3023 de
604 2957 824 3043 magnitudine
858 2958 975 3044 pedum
1008 2957 1259 3043 rhythmicorum
1292 2959 1422 3024 locutus

279 3079 351 3124 cum
376 3059 415 3124 de
438 3059 572 3147 pedibus
595 3069 711 3144 ternas,
735 3068 917 3147 quaternus,
941 3062 1063 3147 quinas,
1086 3082 1180 3128 senas
1208 3083 1314 3128 moras
1347 3083 1424 3127 eon·

278 3163 453 3228 tinentibus
476 3163 687 3246 disseruisset,
711 3164 825 3250 pedem
850 3171 922 3232 octo
946 3185 1108 3230 morarum
1124 3171 1354 3231 commemorat
1373 3165 1423 3229 his

278 3265 399 3332 verbis:
413 3265 509 3332 ’Ὼστε
532 3266 663 3348 πιξιιπτοι
686 3265 725 3332 ἂν
748 3267 855 3352 εἴησαν
871 3267 898 3332 oi
915 3271 948 3334 ἐν
963 3266 1128 3357 ὀκτασήμῳ
1143 3267 1279 3352 μεγέθει.
1303 3267 1424 3334 ἔσονται

278 3368 306 3435 δ”
330 3365 412 3435 οὗτοι
444 3373 615 3436 ιὶακτυλικοὶ
641 3377 688 3460 τῷ
715 3370 801 3455 γένει,
831 3369 992 3456 ἐπειδήπερ
1009 3422 1015 3436 .
1033 3421 1040 3435 .
1057 3421 1089 3436 ..
1116 3371 1248 3456 (Cetera
1278 3371 1425 3457 desunt).

279 3472 352 3549 Quo
376 3475 447 3540 loco
471 3474 492 3538 ii
516 3495 557 3538 en
580 3475 655 3540 viris
678 3475 791 3558 doctis,
814 3476 867 3562 qui
891 3475 1075 3542 dochmium
1097 3495 1161 3540 non
1192 3496 1262 3541 esse
1293 3497 1422 3542 versum

277 3583 490 3663 syncopatum
517 3599 624 3664 neque
655 3599 783 3660 norem,
812 3578 868 3645 sed
900 3586 972 3644 octo
1004 3599 1163 3644 morarum
1192 3587 1310 3664 putent
1340 3579 1425 3664 (nixi

277 3682 366 3762 locis,
389 3679 430 3746 de
453 3681 568 3767 quibus
593 3681 631 3748 ci.
657 3681 783 3748 Ohrist²
806 3707 836 3768 p.
853 3685 916 3748 462
932 3681 1004 3768 sq.)‚
1026 3683 1181 3749 rationem
1198 3703 1288 3749 susm
1304 3683 1426 3748 firmari

277 3785 485 3868 contendunt,
509 3805 580 3850 oum
603 3786 683 3851 haec
707 3787 807 3852 verba
830 3787 883 3850 vin
905 3787 938 3852 in
959 3786 1057 3853 elium
1080 3785 1196 3872 pedem
1215 3787 1332 3854 cadere
1347 3807 1423 3872 pos·

276 3889 341 3953 sint
369 3895 468 3974 etque
499 3890 530 3953 in
560 3889 753 3956 dochmium.
800 3891 844 3954 At
870 3911 935 3956 non
966 3891 1045 3956 setis
1075 3899 1291 3976 respexerunt
1323 3891 1424 3958 verba

277 3989 396 4056 ἔσονται
419 3991 447 4056 δ’
471 3983 553 4060 οὗτοι
576 3996 747 4059 ὁακτυλικοὶ
770 4001 817 4083 τῷ
839 3991 927 4076 γε’νει,
957 4015 1040 4080 quae
1064 3994 1139 4081 quid
1161 3995 1353 4080 significent,
1383 4017 1425 4062 ex

274 4093 313 4160 iis
336 4103 480 4182 apparet,
504 4117 586 4182 quae
611 4097 828 4162 Aristoxenus
852 4097 892 4162 de
915 4097 1051 4184 pedibus
1074 4099 1107 4162 ἐν
1129 4095 1274 4188 ἔξασήμῳ
1292 4097 1425 4182 μεγέθει

275 4195 430 4284 disputat.
475 4199 585 4266 Verba
618 4201 788 4288 rhythmici
822 4201 901 4266 haec
934 4209 1022 4267 suut:
1056 4200 1120 4266 ἔστι
1154 4201 1186 4266 δὲ
1215 4199 1252 4267 τό
1285 4201 1426 4286 μέγεθος

274 4307 366 4370 τοῦτο
394 4301 450 4370 δύο
481 4310 578 4388 γενῶν
605 4302 713 4383 κοινὰν,
742 4311 800 4369 τοῦ
829 4331 863 4370 τε
893 4306 1037 4389 ἷαμβικοῦ
1066 4308 1115 4370 καὶ
1144 4311 1202 4369 τοῦ
1228 4309 1424 4373 toarcense.

1564 4537 1568 4676 i

1559 4751 1565 4837 r
