3274 4934
765 398 979 458 „22.„

305 591 403 654 φρων
432 565 490 649 ἔμε
519 566 676 650 δέχνυσο,
711 572 856 650 ίίίέμνον
885 569 969 652 qnod
999 569 1123 634 Bailius
1147 569 1294 636 Kaibelio
1327 571 1443 654 proba-

303 671 365 753 vit,
404 668 574 758 πρόφρων
607 665 781 736 ἆσκάσόεο
815 710 832 720 -
856 710 873 721 -
906 671 1137 739 restituendum
1171 677 1229 740 est.
1282 673 1441 738 Nimirum

304 777 445 843 salutare
469 777 671 843 Memnonem
693 775 797 842 iuberi
824 797 888 842 non
910 775 1081 843 Balbillum
1107 777 1231 862 ipsam,
1268 775 1327 843 sed
1347 775 1443 842 Sabi-

304 905 379 949 nam
394 880 457 950 τὰν
479 885 607 965 σὲμναν
621 877 746 966 ἄλοχον
760 881 961 968 imperabitis
977 903 1072 966 quam
1088 883 1211 969 poetria
1232 883 1328 950 etiam
1343 883 1440 948 Kaib.

304 1008 336 1052 n.
362 990 435 1068 989,
462 989 480 1052 8
504 984 567 1052 τὰν
595 986 770 1071 κουριδίαν
800 981 924 1069 ίίίοχον
952 986 1109 1054 Hadriani
1129 987 1275 1073 appellat
1302 1005 1397 1053 versu
1422 989 1442 1052 8

305 1090 472 1170 docemur;
514 1091 567 1156 ubi
590 1109 675 1174 quae
698 1091 795 1157 facile
818 1091 1028 1158 restituuntur
1048 1087 1193 1176 κοιράνω
1217 1088 1381 1174 :coptum
1404 1110 1444 1156 ea

303 1193 423 1280 pariter
438 1193 572 1260 redeunt
586 1194 685 1260 Keib.
703 1215 734 1260 n.
754 1198 834 1280 988,
854 1201 885 1260 5.
911 1197 989 1262 Post
1003 1187 1177 1261 ἀσπάοὸεο
1194 1195 1321 1262 videtur
1335 1215 1375 1260 en
1387 1193 1442 1260 iit-

303 1306 443 1365 terarum
465 1297 612 1384 apicibus
633 1298 760 1366 truditis
781 1299 847 1384 legi
870 1319 966 1385 posse
989 1301 1148 1383 Μέμνον,
1174 1297 1258 1384 qnod
1279 1299 1444 1385 supplevit

304 1403 444 1468 Bsilius:
476 1423 668 1487 quamquam
692 1400 843 1489 displicet
864 1405 1034 1490 repetitum
1054 1403 1200 1469 vocativo
1223 1421 1299 1469 essu
1325 1423 1442 1468 nomen

304 1513 377 1592 post
391 1527 421 1570 v.
445 1511 454 1568 1
477 1524 547 1589 sqq.
587 1505 743 1573 Dedimus
766 1503 895 1574 aubroc
909 1507 994 1592 quod
1016 1525 1120 1590 neque
1141 1529 1162 1572 a
1177 1506 1325 1574 ductibus
1339 1505 1442 1572 tradi-

302 1611 344 1676 tis
366 1609 461 1676 nimis
484 1609 634 1676 abhorret
656 1615 688 1676 et
708 1610 816 1694 aliquo
842 1609 936 1677 modo
958 1609 1141 1679 defenditur
1160 1633 1194 1677 u.
1213 1615 1276 1676 990
1298 1631 1329 1676 v.
1354 1613 1438 1692 9sq.

304 1717 461 1799 κοίρανος
476 1709 652 1798 Ἀδρίανος
667 1707 733 1777 τότ’
759 1711 833 1791 ἅλις
849 1709 1051 1780 ἇσπάσσαίο
1067 1705 1188 1792 notros·
1203 1717 1382 1796 Μέμνονα.
1400 1751 1442 1761 -

304 1819 343 1882 V.
360 1821 380 1882 9
397 1837 444 1900 sq.
485 1818 639 1883 Francius
661 1836 731 1883 curn
756 1819 908 1885 scriberet
929 1819 1084 1904 γλῶσσαν
1105 1823 1221 1904 μέντοι
1244 1811 1442 1897 ἀλεξίκακον

303 1921 406 2010 πήρην
422 1919 576 1987 ἐπέοικεν
595 1921 600 2008 Ι
621 1918 823 2004 ίίαμίίύσαις
840 1917 871 1987 d'
891 1918 997 2000 dcccc
1009 1920 1069 1990 τόν
1082 1947 1141 2006 μοι
1153 1921 1237 1988 ἔωσε
1253 1919 1354 2008 λόγον
1368 1941 1442 1987 sen-

302 2025 435 2094 tentiam
451 2025 591 2091 maximc
607 2025 774 2091 obscuram
789 2025 940 2093 reddidit.
960 2027 1121 2094 Particula
1136 2026 1173 2091 δέ
1188 2033 1295 2092 autem
1311 2024 1345 2090 iir
1360 2033 1442 2110 peu-

303 2137 471 2196 tametrum
487 2129 571 2194 male
586 2128 710 2194 intrusa
725 2129 904 2214 prohibuit,
931 2151 972 2197 ne
994 2151 1058 2196 una
1073 2129 1253 2196 efficeretur
1267 2129 1437 2207 sententia,

302 2235 429 2320 qualem
445 2231 562 2299 Kaibel
577 2251 655 2298 vera
674 2233 809 2299 lectione
829 2233 960 2300 inventa
981 2231 1442 2318 γίῶσσαν-τμᾰξε-Καμβύ-

303 2361 379 2414 σοις
396 2334 502 2413 ἄθεος
517 2336 665 2402 restituit.
682 2373 720 2385 —
738 2337 774 2404 V.
795 2337 1053 2423 tisuppIemcnta
1068 2355 1126 2423 pro
1138 2332 1313 2424 exploratis
1324 2337 1439 2402 habeo.

297 2438 405 2508 ’Ὡακα
435 2439 562 2506 addidit
590 2437 714 2524 poetria
743 2440 865 2506 Persici
894 2440 1044 2526 supplicii
1073 2461 1209 2521 memor;
1242 2439 1284 2506 cf.
1317 2439 1438 2506 Herod.

302 2547 350 2612 111
373 2547 425 2609 119.
455 2549 512 2608 151
531 2561 579 2626 sq.
600 2581 643 2591 —-
673 2543 763 2622 Quae
778 2565 810 2608 v.
835 2547 870 2607 10
894 2551 965 2630 post
988 2538 1093 2621 ἄθεος
1116 2548 1331 2628 agnoscuntur
1353 2543 1441 2609 litte-

301 2671 374 2732 rac,
408 2669 463 2714 eas
485 2669 548 2713 non
570 2647 725 2733 expedio,
751 2667 811 2714 nec
834 2646 963 2734 propter
982 2647 1159 2714 sentcntiae
1181 2647 1337 2714 rationem
1360 2645 1438 2731 quid

301 2753 519 2835 desideretur,
539 2752 617 2816 satis
632 2752 743 2834 liquet.

388 2857 427 2921 V.
449 2859 481 2919 11
504 2873 551 2939 sq.
578 2853 734 2920 Francius
750 2875 822 2920 cum
838 2861 965 2940 putaret
980 2863 1108 2941 praeter
1129 2857 1327 2921 Memnonem
1344 2856 1442 2920 muti-

303 2962 402 3025 latum
419 2958 515 3025 etiam
532 2958 599 3024 alia
615 2957 785 3042 Cambysis
800 2957 944 3024 facinora
959 2957 1155 3043 enumerari,
1175 2957 1316 3043 scripsit:
1337 2957 1443 3023 ὀιῦκὲν

302 3088 355 3128 τοι
370 3066 495 3128 noctua
510 3069 556 3125 τῶ
571 3068 619 3124 orb
632 3054 840 3146 ὑβρίσματος
857 3055 908 3148 ἠδ’
928 3049 973 3127 ὧν
988 3058 1047 3127 τὸν
1062 3050 1295 3150 dipundium
1309 3061 1364 3125 aui
1381 3058 1443 3126 τὸν

295 3162 444 3252 ’Όσειριν
459 3165 553 3250 ἕδρα.
571 3165 727 3231 Similiter
741 3165 857 3231 Kaibci
870 3165 966 3232 Bailii
980 3165 1166 3252 apographo
1179 3180 1256 3231 usus
1268 3173 1380 3231 versus
1395 3165 1442 3230 ita

301 3271 454 3338 restituit:
475 3270 579 3336 δῶκέν
594 3293 647 3334 τοι
662 3273 788 3335 ποίναν
804 3275 849 3333 τῶ
864 3277 911 3333 ort
926 3267 1140 3355 οίκτίρματος
1152 3262 1200 3357 ἠδ’
1215 3259 1255 3346 ἇς
1274 3267 1279 3356 Ι
1299 3265 1436 3352 τόλμας,

302 3367 342 3454 ἇς
353 3365 453 3442 ’Ἆπιν
549 3373 582 3440 in
598 3375 713 3458 quibus
729 3393 790 3439 vox
806 3372 972 3458 oi'actppc,
991 3393 1031 3438 ne
1047 3373 1153 3439 dicum
1170 3393 1209 3439 ea
1223 3393 1286 3439 non
1302 3372 1440 3458 exprimi

302 3480 387 3565 quod
399 3479 600 3565 postulatur,
625 3477 759 3543 iniurias
774 3475 933 3542 Memnoni
949 3473 1075 3557 illatas,
1094 3475 1221 3542 omnino
1235 3497 1299 3542 non
1314 3484 1364 3542 est
1378 3475 1442 3542 lin-

299 3605 383 3668 guae
398 3603 545 3666 grsecae.
594 3581 765 3646 Praeterea
779 3579 877 3644 Bsilii
893 3587 1103 3645 commentum
1119 3599 1150 3645 v.
1171 3583 1210 3642 ta
1233 3575 1439 3644 ΤΟΛΜΑΟ

300 3683 496 3768 acautis,
522 3705 599 3751 vera
620 3683 757 3750 lectione
779 3673 1126 3746 tensamentum
1150 3682 1277 3748 detecta
1298 3681 1437 3748 reicitur.

300 3790 413 3872 Neque
430 3789 489 3854 boc
505 3787 703 3872 potissimum
720 3785 833 3870 agitur,
857 3793 893 3852 ut
908 3787 1051 3853 facinora
1066 3783 1235 3870 cambysis
1251 3805 1442 3852 enumeren-

299 3903 368 3975 tur,
396 3892 453 3958 scd
470 3899 504 3958 ut
519 3911 676 3975 quaenam
692 3889 761 3956 eius
780 3889 939 3975 supplicia
953 3889 1072 3956 suerint
1086 3889 1275 3975 explicetur.
1321 3889 1390 3954 Iam
1407 3895 1443 3956 ut

301 3997 360 4062 boc
377 3998 445 4062 loco
461 3995 631 4080 Cambysis
654 4015 758 4080 poena
781 4015 853 4059 cum
869 3995 950 4078 Apis
975 3993 1135 4058 mentione
1152 3993 1369 4076 coniungitur,
1395 3993 1443 4061 ita

301 4101 461 4166 Herodoto
484 4105 612 4165 auctore
634 4097 788 4182 Aegyptii
810 4117 903 4163 omne
925 4096 1011 4180 regis
1033 4095 1202 4161 Persarum
1233 4095 1442 4162 infortunium

300 4204 342 4269 ab
365 4203 428 4288 Api
451 4209 564 4269 necato
586 4201 820 4286 repetiverunt;
847 4219 911 4282 qua
934 4219 968 4264 re
991 4199 1077 4264 sacta
1098 4197 1187 4264 illum
1212 4197 1318 4264 statim
1334 4198 1442 4266 furere

301 4307 461 4394 coepisse,
494 4325 567 4372 mox
591 4305 702 4372 eodem
730 4303 871 4391 corporis
897 4303 965 4369 loco
988 4321 1049 4387 quo
1070 4303 1172 4388 Apem
1195 4301 1305 4368 feriret
1330 4301 1441 4387 gladio
