3258 4924
655 479 868 540 ..41-

298 666 328 730 A
352 695 393 720 =
417 686 519 732 annus
544 665 738 746 communis,
768 665 796 730 B
818 695 860 720 =
883 685 985 730 annus
1015 665 1211 732 intercalaris
1234 666 1335 732 titulis

198 770 397 856 comprobati
420 770 506 852 (vide
528 770 594 834 tab.
617 770 799 852 annorum).

607 931 717 1018 nstv.
741 933 791 998 vr
817 933 902 998 rear

298 1062 489 1132 Decretum,
524 1061 611 1149 qnod
643 1064 784 1130 continet
817 1063 913 1150 lapis,
946 1063 1065 1128 sactum
1100 1069 1149 1127 cet
1183 1061 1336 1126 archonte

196 1164 412 1232 Themistocle
442 1169 483 1232 ol.
517 1171 609 1240 1083
632 1196 675 1222 ε·-
698 1169 817 1246 34716,
854 1167 1000 1251 Aegeide
1032 1173 1146 1232 octava
1179 1163 1335 1250 prytanio.

195 1269 342 1334 Durabat
357 1271 508 1356 prytanis
523 1269 609 1335 VIII
631 1293 716 1336 anno
740 1270 901 1336 communi
922 1270 998 1335 inde
1015 1269 1057 1334 ab
1073 1267 1335 1353 Elaphebolionie

195 1371 247 1436 die
269 1372 335 1438 iere
352 1373 385 1437 X
408 1396 509 1460 usque
533 1372 573 1437 ad
590 1373 804 1441 Munichionis
819 1374 904 1438 diem
919 1375 985 1439 fere
1000 1373 1083 1438 XIV
1107 1370 1173 1456 (vel
1188 1369 1336 1455 XVIII),

196 1497 278 1541 anno
302 1476 482 1542 intercalari
505 1477 580 1543 inde
610 1477 650 1540 ab
674 1476 935 1562 Elapheboiionis
965 1476 1017 1540 die
1039 1476 1107 1540 fere
1129 1475 1147 1539 1
1169 1496 1271 1560 usqne
1293 1473 1335 1538 ad

196 1579 410 1646 Munichionis
441 1581 524 1646 diem
552 1579 638 1645 VIII
669 1579 737 1662 (vel
759 1579 850 1662 XII).
894 1579 1036 1664 Tempus
1065 1579 1249 1644 adcuratius
1281 1577 1335 1642 dc-

195 1683 303 1748 finitur
328 1706 357 1748 v.
380 1687 474 1761 55l6:
506 1681 576 1760 τούς
606 1681 788 1766 προέδρους,
818 1685 846 1746 οἳ
875 1681 914 1747 ἄν
943 1681 1058 1766 λάχωσι
1087 1679 1275 1764 apocopatus
1304 1683 1337 1746 ἐν

195 1792 252 1850 τιιῖι
274 1783 376 1871 δήμιοι
400 1794 449 1868 τῆι
471 1785 574 1870 cycnea
597 1788 646 1851 ἐπὶ
669 1785 741 1851 δέκα
763 1792 823 1852 etc.
870 1785 948 1852 Sine
971 1785 1068 1851 dubio
1099 1783 1335 1871 intellegendus

195 1896 244 1955 cst
265 1889 332 1955 dies
354 1889 474 1954 XVIII
496 1888 779 1975 Elaphebolionis‚
813 1910 875 1975 quo
900 1890 951 1954 die
975 1893 1010 1953 ut
1033 1889 1138 1953 contio
1162 1888 1336 1954 haberetur

195 1991 430 2058 Demosthenes
459 2001 632 2076 rogaverat
662 1990 751 2078 (vide
778 1992 896 2058 Aesob.
920 1989 1045 2076 1161).
1091 1990 1205 2056 Contio
1227 1991 1334 2075 igitur,

193 2095 225 2160 in
248 2116 311 2180 qua
333 2095 394 2160 hoe
417 2093 581 2162 decretum
602 2097 723 2161 iactrrm
747 2104 804 2178 est,
827 2096 887 2160 fuit
908 2117 956 2175 ea,
981 2117 1064 2182 quae
1080 2096 1226 2182 proxime
1241 2115 1334 2180 prae·

195 2197 330 2264 cedebat
350 2199 437 2264 illam
460 2200 640 2265 contionem
664 2201 715 2264 die
736 2199 855 2265 XVIII
877 2199 1029 2264 habitam.
1068 2197 1130 2264 Die
1152 2197 1255 2263 XVII
1278 2197 1333 2262 ha·

195 2302 263 2368 hita
285 2309 335 2368 est
358 2303 464 2368 contio
488 2305 520 2368 ἐν
542 2302 692 2369 Διονύσου
713 2302 844 2386 (Aesch.
868 2301 899 2366 11
923 2306 972 2368 61.
1012 2302 1147 2368 Schiiier
1167 2301 1335 2367 Demosth.

193 2406 229 2470 II
250 2425 281 2492 p.
305 2405 372 2490 90).
418 2406 512 2472 Hane
535 2409 716 2474 contionem
738 2407 972 2494 praecedebant
995 2407 1063 2473 dies
1086 2405 1160 2472 fecti
1184 2405 1334 2490 Dionysi·

194 2531 304 2591 orum,
334 2510 450 2596 quibus
481 2512 662 2578 contionem
692 2511 834 2578 habitam
865 2533 935 2578 esee
967 2511 1019 2574 vix
1045 2509 1228 2576 verisimile.
1273 2507 1334 2573 Die

195 2611 281 2678 VIII
310 2613 570 2700 Elaphebolionis
600 2623 669 2680 erat
693 2617 799 2680 contio
831 2614 1085 2680 extraordinaria
1111 2619 1247 2698 rogante
1270 2611 1335 2678 De·

195 2715 363 2783 mosthene
385 2717 515 2798 (Aesch.
538 2715 590 2782 III
614 2717 681 2802 67).
727 2718 839 2805 Itaque
870 2717 1008 2782 hoodie
1031 2723 1064 2780 et
1086 2717 1148 2782 hcc
1171 2715 1334 2781 decretum

195 2817 315 2883 factum
353 2839 423 2886 esse
458 2829 536 2905 puto
566 2829 598 2885 et
627 2821 724 2902 illud,
765 2821 851 2906 qnod
892 2829 997 2886 exstat
1030 2819 1106 2884 OIA
1121 2819 1173 2884 IIr
1201 2839 1232 2882 n.
1265 2819 1336 2882 100.

195 2919 311 2987 Contio
335 2923 504 3006 ordinaria,
527 2925 559 2988 in
583 2947 647 3011 qna
661 2925 898 2991 Demosthenes
921 2929 1098 3009 rogaverat,
1122 2930 1158 2988 ut
1181 2920 1232 2984 dic
1246 2919 1334 2984 VIII

194 3023 458 3110 Elaphebolicnie
486 3030 594 3095 contio
627 3028 879 3095 extraordinaria
902 3029 1084 3105 baberetur,
1115 3026 1176 3090 fuit
1198 3025 1335 3088 fortasse

194 3123 456 3213 Elaphebolionis
490 3131 542 3196 die
571 3132 622 3214 V;
656 3129 694 3195 of.
723 3153 752 3197 n.
782 3133 855 3196 300.
911 3129 1086 3196 Contiones
1120 3129 1218 3213 igitur
1252 3147 1335 3211 quae

84 3239 86 3243 “
194 3227 397 3296 habebantur
412 3233 453 3298 ol.
471 3235 562 3314 108,2
579 3253 689 3302 mense
705 3233 959 3321 Elaphebolicne
980 3233 1078 3298 fuisse
1095 3231 1241 3296 videntur
1256 3228 1335 3293 bae:

252 3333 326 3418 (V.)
351 3338 457 3404 contio
481 3339 657 3405 ordinaria:
679 3341 712 3404 in
736 3361 801 3426 qua
823 3337 951 3424 rogavit
966 3337 1212 3418 Demosthenes,
1231 3339 1267 3398 ut
1283 3333 1334 3398 die

349 3439 437 3506 VIII
460 3443 569 3508 contio
593 3443 848 3508 extraordinaria
871 3441 1051 3506 haberetur.

230 3541 325 3609 VIII.
349 3545 457 3610 contio
480 3545 748 3611 extraordinaria:
771 3545 804 3609 in
819 3565 884 3630 qua
903 3552 935 3608 et
950 3543 1187 3608 Demosthenes
1209 3539 1335 3624 rogavit

350 3653 385 3710 ut
400 3645 512 3712 diebus
526 3646 647 3712 XVIII
663 3654 695 3712 et
709 3647 795 3712 XIX
817 3647 982 3712 contiones
998 3645 1192 3710 haberentur
1207 3643 1336 3718 (Aesch.

350 3748 384 3812 II
407 3752 467 3830 613
497 3749 551 3815 III
574 3752 642 3834 07),
672 3757 704 3817 et
727 3759 834 3816 actum
860 3759 909 3816 est
931 3750 972 3817 de
995 3749 1181 3815 renovando
1204 3747 1334 3813 foedere

351 3875 424 3918 cnm
446 3853 647 3940 Mytilenaeis
677 3860 719 3928 (n.
745 3855 820 3936 100)
852 3854 958 3941 deque
981 3852 1157 3919 honoribus
1181 3874 1239 3938 pro
1261 3851 1334 3917 filiis

348 3957 516 4023 Leuconie.
550 3955 669 4042 Ἀθήι.
693 3955 741 4022 VI
766 3961 835 4026 152.

215 4059 327 4126 XVII·
351 4062 492 4144 ἐκκλησία
511 4061 542 4126 ἐν
564 4057 724 4128 Διονύσου.
756 4061 873 4127 Aeseb.
897 4059 931 4125 II
954 4063 1004 4126 61.
1046 4059 1097 4125 III
1122 4064 1173 4127 68.

194 4161 324 4228 XVIII.
352 4165 459 4230 contio
476 4164 743 4232 extraordinaria:
766 4161 883 4248 Ἀθῆν.
896 4165 945 4230 VI
961 4167 1020 4230 152
1032 4183 1060 4228 v.
1077 4167 1127 4232 55.
1150 4163 1270 4230 Aesch.
1281 4163 1301 4228 l.
1313 4164 1333 4228 1.

299 4323 308 4357 ¹
333 4319 375 4371 Dc
399 4319 452 4372 hoc
477 4321 555 4374 titulo
573 4335 661 4388 nuper
686 4319 767 4376 docte
792 4322 847 4389 egit
873 4323 907 4377 A.
931 4321 1080 4377 Sohttcrus
1106 4320 1136 4376 ia
1162 4320 1230 4376 nes.
1255 4321 1332 4374 rhen.

195 4405 322 4460 XXXIII
340 4423 366 4474 p·
384 4405 437 4462 418
455 4405 482 4460 r.
