3248 4928
311 386 348 446 12
744 421 787 430 -
835 383 918 466 [aar]
966 420 1008 432 -

393 575 451 639 ΙΙΙ.
501 576 622 642 Fontes
644 576 677 640 in
701 574 779 639 solis
797 573 871 638 vitis
887 574 1048 657 usurpati:
1078 573 1196 638 Suidao
1212 571 1309 638 editio
1325 571 1451 637 Aldina

311 683 390 743 1514
414 685 447 745 et
469 679 624 762 Diogenis
648 677 765 744 Laertii
788 677 887 743 editio
909 676 1057 762 princeps
1076 676 1279 743 Frobeniana
1293 697 1325 742 a.
1348 677 1446 740 1533.

307 781 508 866 Theophilus
530 782 759 848 Antiochenus.
806 781 988 847 Nemeeius.

392 887 486 952 Hune
508 887 642 952 fontium
665 892 869 971 conspectum
893 885 1007 968 siquis
1022 904 1092 950 eum
1109 883 1285 950 Flachiano
1308 885 1348 970 (p.
1368 884 1442 968 VII]

305 991 554 1074 comparaverit,
587 990 693 1056 lexiea
723 990 790 1056 fere
813 989 920 1054 omnia
942 987 1128 1070 scholisque
1149 989 1325 1072 permulta,
1360 1008 1446 1070 quae

305 1093 424 1158 abillo
448 1099 750 1176 commemorantur,
777 1093 929 1158 hocloco
952 1091 1130 1158 desiderari
1152 1090 1330 1156 mirabitur.
1377 1091 1447 1158 Sed

305 1217 412 1262 eorum
436 1197 522 1263 vices
544 1197 634 1281 apud
654 1216 713 1262 nos
729 1195 928 1262 Phavorinus
951 1195 1028 1279 agit.
1069 1193 1160 1272 Quae
1183 1194 1267 1259 enim
1291 1202 1389 1262 antea
1403 1215 1446 1261 ex

306 1299 528 1386 Etymologieo
543 1301 601 1384 M,
627 1300 790 1386 Hesychio
812 1298 1042 1382 Alexandrino,
1068 1297 1331 1383 Harpocratione,
1358 1299 1447 1364 Pho-

304 1404 359 1486 tio,
385 1423 403 1469 c
427 1403 557 1469 scholiis
573 1403 798 1488 Aristophanis
818 1410 849 1469 et
864 1402 1006 1485 Homeri,
1032 1404 1255 1468 eTzetzarum
1278 1401 1321 1466 ed
1337 1403 1445 1487 Lyco-

306 1506 461 1592 phronem
479 1507 727 1590 commentariis,
752 1506 827 1572 aliis
841 1506 921 1592 ipsis
937 1505 1080 1572 Eudooia
1094 1505 1242 1571 hausisse
1258 1505 1443 1588 videbatur,

304 1610 434 1693 aliaque
463 1611 623 1695 permulta
653 1631 735 1693 quae
765 1631 805 1676 ex
827 1609 990 1694 Apollonii
1011 1608 1129 1675 Rhodii
1155 1607 1285 1674 scholiis
1307 1609 1445 1676 Floren-

302 1713 389 1797 tinis,
416 1734 456 1780 ex
476 1714 698 1780 Eratosthenis
721 1713 959 1793 catasterismis,
986 1713 1059 1778 aliis
1081 1711 1269 1798 deprompta
1289 1711 1447 1780 dicaban-

303 1825 354 1883 tur
376 1836 460 1898 essc,
486 1817 659 1884 Phavorini
681 1817 783 1902 copiis
805 1817 973 1900 debentur,
999 1817 1046 1882 ita
1069 1823 1112 1898 ut,
1138 1835 1231 1899 quem
1254 1816 1289 1880 in
1311 1816 1448 1901 biogra-

303 1921 410 2006 phiois
432 1922 536 1988 locum
559 1920 681 1987 obtinet
703 1920 832 2002 Suidas,
859 1940 964 2005 paene
986 1921 1123 1988 eundern
1145 1920 1179 1986 in
1201 1919 1329 2003 reliqua
1351 1927 1447 2006 parte

302 2031 437 2111 occupet
458 2024 669 2092 Phavorinus.

671 2381 829 2479 LIBER
860 2379 1072 2478 PRIMUS.

738 2578 859 2656 CAPUT
883 2579 997 2656 PRlUS.

387 2771 404 2853 q
433 2775 459 2834 1.
505 2769 662 2848 Quoniam
686 2769 829 2852 singulos
851 2768 938 2834 locos
960 2788 1147 2834 enumerare
1170 2770 1304 2853 longum
1327 2779 1380 2836 est
1402 2809 1447 2820 —-

301 2879 375 2938 sunt
397 2873 481 2938 enim
505 2872 756 2957 quadringentae
779 2873 830 2938 vel
850 2872 1046 2956 quingentae
1063 2873 1192 2955 glossae
1215 2874 1447 2956 glossarumre

298 2983 407 3062 partes
429 3015 471 3024 -
494 2975 702 3061 gravissimos
725 2974 927 3042 considerare
951 2976 1030 3042 satis
1053 2983 1113 3042 eat.
1153 2977 1196 3043 Ut
1218 2983 1330 3043 autem
1354 2979 1445 3044 idem

298 3080 365 3146 fere
398 3080 453 3164 qui
482 3079 569 3165 apud
599 3079 766 3145 Flaohium
801 3098 994 3146 summorum
1024 3080 1157 3146 fontium
1190 3080 1270 3146 ordo
1302 3082 1361 3165 sit,
1400 3084 1445 3149 ab

300 3183 608 3251 ETYMOLOGICO
631 3182 782 3249 MAGNO
806 3181 976 3250 ordiamur.
1018 3185 1067 3250 Ex
1089 3203 1152 3266 quo
1175 3204 1257 3266 qnos
1279 3185 1384 3252 Flaeh
1408 3185 1444 3252 in

294 3279 432 3354 ⁴violario
457 3295 567 3352 extare
590 3286 739 3352 adfirmat
761 3287 847 3352 locos
870 3287 995 3354 circiter
1021 3287 1251 3372 quadraginta,
1285 3308 1343 3354 eos
1373 3289 1445 3356 sere

300 3411 411 3458 omnes
440 3390 663 3456 aPhavorino
689 3408 730 3454 ex
752 3391 891 3475 Etymol.
917 3391 960 3455 M.
987 3397 1129 3476 sumptos
1150 3390 1291 3475 indeque
1313 3393 1348 3458 in
1372 3394 1446 3459 vio-

299 3495 412 3559 larium
436 3495 608 3560 translatos
631 3511 704 3558 esre
727 3492 821 3560 facile
844 3493 1053 3578 intellegitur.
1101 3495 1188 3559 Solet
1217 3495 1306 3561 enirn
1329 3497 1443 3563 Eudo-

297 3595 347 3662 cia
370 3597 482 3664 Varini
505 3597 631 3682 glossas
655 3595 771 3680 partim
795 3617 835 3662 ex
857 3598 1012 3682 Etymol.,
1038 3598 1155 3682 partim
1178 3617 1218 3663 en
1242 3600 1318 3666 aliis
1342 3601 1443 3668 fonti-

296 3699 357 3765 bus
380 3707 525 3785 snmptas
540 3699 654 3767 eadem
678 3699 877 3782 singularum
900 3701 1036 3786 partium
1053 3700 1262 3786 dispositione
1284 3706 1442 3770 mansori-

296 3802 383 3868 hese.
431 3804 531 3870 Cuius
554 3803 600 3870 rei
630 3803 812 3888 exemplum
843 3803 962 3870 suffieit
984 3824 1083 3870 unum
1109 3824 1141 3888 p.
1168 3808 1208 3868 87
1242 3808 1325 3892 περὶ
1349 3807 1443 3874 Βάκ-

297 3929 371 3986 χου.
411 3908 528 3973 Fontes
551 3908 679 3990 glossae
703 3913 776 3971 sunt
790 3906 842 3971 hi:
873 3910 897 3992 1)
926 3905 1119 3989 Βάκχον-
1134 3905 1329 3993 κλαυθμὸν,
1358 3917 1444 3978 oot-

294 4031 395 4084 νικες.
443 4009 623 4076 Phavorino
652 4010 732 4076 haec
760 4009 869 4074 deberi
898 4011 938 4095 lp.
958 4013 1031 4093 349)
1058 4009 1134 4076 inde
1163 4021 1319 4096 apparet,
1354 4017 1443 4100 quod

296 4109 375 4176 duos
391 4112 494 4178 fontes
523 4117 551 4194 a)
573 4113 680 4178 Schol.
698 4113 796 4178 Arist.
815 4114 896 4196 Equ.
913 4118 974 4178 406
997 4111 1142 4195 (Βάκχον
1155 4153 1198 4161 -
1214 4113 1439 4204 ἐπέφαντο),

296 4213 326 4296 b)-
353 4215 507 4299 Hesyehii
530 4217 672 4300 glossam
701 4217 767 4300 (καὶ
783 4215 975 4298 Βάκχον-
992 4219 1158 4300 Φοίνικες)
1184 4218 1302 4285 eodem
1328 4224 1445 4291 ordine

295 4317 387 4402 apud
408 4317 499 4384 illum
524 4321 707 4386 coniunctos
724 4320 872 4404 legimus,
899 4321 1079 4386 accuratius
1094 4329 1201 4390 autem
1219 4323 1370 4392 scholion
1390 4329 1446 4398 ille
