3226 4932
341 432 381 494 76
775 467 818 478 -
866 432 950 514 [crs]
997 467 1040 478 -

426 617 452 686 0
476 619 557 686 XIII
579 627 635 686 str.
665 625 678 684 1
711 627 744 686 et
765 618 792 684 N
815 619 847 684 X
870 627 925 686 atr.
954 623 968 682 1
999 619 1156 704 incipiunt
1183 616 1311 702 quidem
1340 616 1383 680 ab
1409 614 1468 679 arsi

338 723 477 808 duplici,
511 723 570 790 sed
599 742 670 790 cum
693 723 764 790 cola
785 723 890 808 prima
911 721 1103 806 logaoediea
1124 721 1204 802 sint,
1235 720 1269 784 in
1290 720 1378 784 hunc
1400 737 1470 784 ceu·

339 845 407 892 sum
424 847 487 892 non
502 827 643 908 veniant,
671 847 744 893 nam
766 827 800 893 in
823 826 1022 912 logaoedicis
1043 825 1126 892 arsis
1148 825 1268 910 duplex
1289 823 1383 890 initio
1404 840 1472 886 ver-

338 950 429 996 suum
452 931 550 998 aliam
572 939 718 996 naturam
741 931 861 996 hahere
882 929 1009 996 videtur
1029 937 1125 1013 atque
1147 929 1181 996 in
1203 927 1282 994 colis
1304 925 1434 992 doricis.

425 1033 542 1100 Decies
565 1033 663 1117 igitur
683 1033 717 1099 in
740 1032 856 1100 mediis
878 1033 1017 1119 strophis
1039 1051 1152 1098 versus
1173 1032 1215 1098 ab
1231 1029 1296 1096 arsi
1312 1027 1471 1114 disyllaba

338 1137 459 1222 incipit,
480 1137 598 1222 septies
613 1145 720 1203 eutem
736 1137 898 1204 antecedit
911 1138 1016 1204 colum
1032 1135 1225 1221 dactylicum
1240 1133 1468 1212 catalecticum,

338 1240 388 1306 bis
411 1239 558 1325 epitritus
581 1259 651 1306 cum
674 1240 812 1325 syllaba,
839 1241 940 1306 semel
962 1239 1109 1325 epitritus
1131 1239 1340 1306 acataleetus.
1384 1233 1470 1313 Quod

340 1365 417 1411 casu
440 1344 559 1410 factum
582 1363 655 1411 ease
677 1365 740 1414 non
762 1351 812 1411 est
826 1344 1010 1427 verisimile,
1037 1363 1119 1427 cum,
1145 1349 1181 1408 ut
1195 1341 1347 1423 vidimus,
1374 1357 1470 1425 paene

339 1446 474 1512 dimidia
496 1467 570 1532 pars
595 1450 699 1532 (4775)
726 1467 876 1514 versuum
899 1448 1038 1514 omnium
1061 1447 1095 1512 in
1117 1445 1233 1512 mediis
1255 1443 1399 1530 strophis
1420 1461 1472 1508 ex·

340 1558 393 1616 eat
413 1550 447 1616 in
470 1551 631 1637 epitritum
654 1551 885 1618 catalecticum.
925 1550 1034 1616 Causa
1055 1557 1163 1616 autem
1186 1547 1329 1615 dilucida
1351 1567 1393 1614 ea
1414 1552 1468 1623 est,

339 1653 425 1736 quod
447 1673 558 1721 omnes
580 1654 702 1738 exitus,
736 1673 816 1738 quos
839 1653 1109 1740 deprehendimus
1131 1659 1206 1720 ante
1228 1651 1339 1734 initia,
1373 1655 1408 1715 ut
1430 1647 1472 1712 ita

338 1756 459 1840 dicam,
485 1758 710 1844 anapaestice,
743 1757 865 1824 conecti
887 1763 1021 1842 possunt
1042 1777 1114 1823 eum
1135 1755 1236 1821 initiis
1257 1753 1325 1820 illis
1347 1753 1411 1834 ita,
1442 1755 1473 1813 ut

339 1860 410 1926 cola
432 1861 594 1927 ordinaria
615 1861 777 1946 dactylica
799 1861 893 1944 fiant,
919 1881 982 1927 non
1004 1867 1109 1947 potest
1130 1859 1235 1926 exitus
1258 1857 1292 1922 in
1314 1855 1469 1944 epitritum
1577 1901 1578 1952 i

337 1965 558 2031 catalecticum

689 2074 1124 2162 ...ht-imm.

339 2188 530 2273 Exemplum
553 2208 630 2254 vero
652 2187 940 2254 luculentissimum
963 2193 1013 2253 est
1034 2186 1064 2254 P
1086 2187 1136 2252 IX
1157 2193 1212 2252 str.
1239 2189 1274 2248 3:

678 2299 819 2348 vn!
843 2299 846 2382 l
870 2296 1290 2350 ω-υ.ὐυ..υυι..’.

338 2413 424 2493 quod
447 2411 605 2478 Christins
627 2431 699 2478 cum
721 2411 894 2477 Pindarum
917 2412 1028 2478 ederet
1049 2411 1095 2478 sic
1116 2411 1280 2477 dimensus
1304 2415 1372 2474 est:

606 2509 1206 2610 „„Lonr'.!1w-o.'„,

339 2637 401 2702 Ubi
424 2638 616 2721 simulatque
638 2636 907 2704 continuationem
929 2637 1070 2724 rhythmi
1092 2635 1277 2720 admiseris,
1305 2635 1472 2722 simplicis-

340 2743 422 2807 sima
444 2749 519 2806 sunt
539 2741 659 2806 omnia:
686 2747 758 2826 post
779 2741 939 2827 epitritum
963 2742 1048 2808 enim
1070 2742 1282 2807 acatalectum
1305 2741 1414 2826 posita
1428 2747 1472 2806 est

338 2844 470 2931 dipodin
499 2843 675 2929 dactylica,
708 2851 782 2930 post
810 2845 900 2911 cuius
923 2846 1060 2930 priorem
1083 2845 1191 2911 thesin
1212 2863 1325 2910 versus
1350 2844 1468 2910 finitur:

338 2948 567 3015 dimetiendum
590 2967 682 3031 ergo:

726 3057 969 3145 lw
982 3060 1109 3108 -w-
1125 3077 1177 3110 w
1193 3077 1259 3114 e·
1235 3059 1290 3147 l

426 3175 464 3238 In
479 3172 560 3238 libro
575 3110 615 3238 de
630 3190 665 3237 re
680 3171 812 3238 metrica
823 3171 1004 3238 Christius'
995 3192 1066 3258 ipse
1084 3173 1144 3255 (ed.
1152 3173 1186 3238 Π
1196 3193 1251 3259 pp
1267 3175 1470 3247 totototo,

339 3287 375 3345 nt
397 3275 568 3343 diximus
559 3297 592 3340 un
615 3274 830 3360 praefatione,
862 3275 892 3342 ei
915 3274 1138 3359 explicationi,
1169 3297 1265 3360 quam
1287 3276 1322 3342 in
1343 3267 1472 3344 Pindari

339 3381 478 3448 editione
500 3379 685 3464 protulerat,
712 3379 812 3462 hanc,
838 3399 933 3464 quam
956 3397 1015 3444 nos
1038 3379 1130 3446 unice
1152 3401 1262 3447 veram
1285 3399 1360 3448 esse
1384 3390 1473 3468 puta-

340 3505 420 3564 mus,
447 3482 596 3568 apposuit
618 3482 674 3548 lite
696 3502 759 3548 non
782 3482 970 3548 diiudicata.
1006 3482 1188 3548 Secundum
1210 3485 1271 3550 hoe
1292 3487 1472 3571 exemplum

339 3586 605 3654 conformavimus
635 3585 761 3650 NVIII
788 3605 839 3671 ep.
866 3588 884 3646 7
918 3585 961 3650 ad
994 3585 1180 3652 evitandum
1208 3586 1328 3652 exitum
1357 3587 1473 3674 imper·

337 3692 455 3759 fectum

544 3799 1266 3884 ....-'v-leW-w-!-'....

424 3912 609 3979 Ihoehaeus
637 3931 693 3996 pro
721 3909 861 3996 spondeo
890 3911 923 3977 in
954 3912 1068 3978 eadem
1097 3934 1209 3980 versus
1239 3913 1316 3982 sede
1342 3917 1474 3984 occurrit
1577 3971 1578 4000 ,

338 4016 364 4084 0
387 4016 432 4080 Vl
454 4022 511 4080 str.
537 4019 568 4102 5,
594 4015 719 4098 dequo
742 4015 811 4080 loco
832 4014 917 4080 infre
940 4015 1112 4082 dicendum
1136 4016 1205 4084 erit.
1577 4013 1578 4040 ¹

425 4129 546 4196 Similis
574 4134 680 4194 autem
709 4126 760 4192 his
783 4135 833 4195 est
854 4126 884 4192 P
906 4128 955 4193 III
977 4148 1029 4215 ep.
1057 4133 1092 4212 9,
1127 4129 1189 4196 nisi
1216 4131 1303 4214 quod
1325 4133 1386 4200 hoc
1408 4135 1473 4198 loco
1577 4197 1578 4206 ,

336 4233 483 4320 epitritus
506 4232 710 4299 catalecticus
732 4237 795 4296 est:

528 4343 758 4405 maon!
781 4343 785 4426 p
809 4361 1198 4394 Ἄμπῃ-υ,-
