3274 4934
339 397 378 457 ra
773 433 816 442 -
864 395 947 477 [mr]
994 431 1037 442 -

338 586 395 651 sed
426 586 567 652 ohsionis
597 585 765 652 artificium
794 584 929 650 obtrusit
957 586 1064 650 versui
1094 591 1244 650 extremo.
1297 586 1491 668 Utrumque

338 689 504 755 artificium
528 690 641 788 evitari
662 695 776 774 potest.
789 687 964 754 coniunctis
987 687 1134 754 versibus
1156 687 1278 754 ultimis
1302 691 1489 775 strophae:

558 791 1255 846 ωυ-υυ-υ--έυυ-υ-υμὲ

367 892 490 979 ὄνυχας
506 891 688 977 ὀξυτάτους
705 891 815 978 ἀκμάν
829 889 860 958 τ’
879 884 898 982 ἦ
914 893 1117 962 δεινοτάτων
1132 895 1274 980 σχάσαις
1291 891 1454 966 ὀδόντων

338 1002 386 1066 llx
416 1001 563 1070 undecim
594 1001 672 1067 locis
694 1000 861 1086 parallelis
885 1020 954 1066 cum
977 1020 1091 1066 novem
1113 1001 1235 1068 nullam
1258 1003 1392 1070 omnino
1416 1005 1491 1072 dis-

337 1105 510 1171 ficultatem
537 1105 694 1187 habeant,
728 1126 758 1170 v.
785 1107 825 1168 23
851 1153 858 1166 .
881 1155 886 1168 .
909 1155 915 1166 .
941 1103 1144 1189 κατέδρακεν
1168 1105 1171 1190 l
1193 1098 1382 1190 Ἡρακλέος
1410 1161 1417 1174 .
1444 1161 1451 1173 .
1479 1165 1485 1175 .

340 1207 520 1294 terminatio
542 1231 598 1274 -εν
620 1208 678 1273 sub
701 1207 766 1274 ictu
788 1207 919 1294 produci
942 1213 1056 1292 potest,
1083 1208 1165 1274 sicut
1187 1209 1222 1274 fit
1243 1208 1273 1276 P
1295 1212 1342 1275 lV
1369 1215 1432 1278 181

818 1311 1073 1358 υ--έυ--

654 1465 687 1478 .,
710 1465 718 1479 .
743 1411 884 1480 πόθον
906 1409 1154 1502 ἐ’νόαιενἭρα,

337 1521 535 1586 atinati
568 1519 749 1585 coniectura
778 1518 1004 1603 amplectenda
1032 1525 1098 1601 est,
1131 1539 1226 1604 quam
1249 1519 1418 1606 Berghius
1451 1529 1489 1592 iu

337 1623 474 1690 editione
497 1623 600 1689 altera
622 1623 753 1708 protulit

382 1721 399 1790 d
418 1723 680 1808 Τελαμωνιάδας
697 1719 730 1790 d'
750 1719 871 1810 ἄτερθ’
890 1724 981 1802 Ᾰίας
997 1720 1163 1809 Σαλαμῖν’
1182 1725 1250 1809 ἔχει
1266 1727 1462 1816 πατρῴαν·

425 1833 454 1916 5)
480 1829 507 1896 n
531 1831 607 1895 vlu
631 1833 671 1895 ss
895 1817 901 1832 '

734 1981 853 1996 .....
880 1927 1071 2016 καλύψαιμ’

423 2035 582 2119 Borgkius
612 2057 697 2102 nunc
725 2043 848 2120 servat,
881 2037 1097 2103 Mommsenus
1127 2044 1232 2104 autem
1259 2045 1293 2104 et
1315 2040 1492 2108 Chr-istius

337 2139 510 2206 emendant
532 2139 707 2207 scribentes
730 2138 912 2223 καλύψαιν,
939 2140 1024 2224 quod
1042 2141 1114 2224 ipse
1130 2141 1289 2226 Berghius
1304 2143 1383 2208 olim
1402 2168 1493 2212 oon-

335 2243 465 2310 iecerat.

423 2350 453 2410 6.
473 2347 502 2430 7)
529 2345 548 2410 I
571 2347 648 2412 VIII
675 2345 754 2430 (VII)
784 2349 823 2409 12
846 2353 879 2412 et
900 2349 941 2412 32
968 2347 1065 2431 (Chr.)

513 2471 584 2534 στρ.
610 2449 640 2532 β
669 2455 697 2514 1.
726 2444 931 2514 ....ἆλλά
956 2449 958 2486 ¹
983 2475 1041 2532 μοι
1064 2449 1162 2532 δεῖμα
1188 2499 1194 2512 .
1218 2502 1221 2509 .
1245 2500 1281 2514 ..

515 2576 585 2640 στρ.
612 2551 639 2618 ὅ
668 2557 696 2616 1.
844 2547 919 2619 εἶπε
954 2547 1016 2638 ξδ’
1043 2549 1202 2634 εὔβουλος

423 2659 490 2723 Hoc
513 2659 581 2724 loco
604 2676 686 2723 unus
702 2657 859 2724 Christius
883 2675 994 2722 versus
1016 2657 1062 2722 ita
1085 2655 1256 2738 distribuit,
1283 2663 1318 2722 ut
1332 2679 1354 2722 a
1370 2667 1439 2742 μοι’
1455 2675 1491 2728 et

339 2759 375 2824 δέ
398 2760 478 2824 οΙίεο
495 2779 606 2826 versus
621 2759 854 2842 incoharentur,
882 2760 1055 2843 Bergthm
1071 2766 1177 2826 autem
1194 2749 1489 2832 et‘Mommsenum

336 2882 392 2929 eos
414 2869 499 2930 reete
522 2864 725 2930 coniunxisse
747 2864 764 2947 ξ
788 2869 818 2946 5,
845 2867 886 2926 211
910 2861 1207 2930 demonstrabimus.

865 3053 937 3137 §a

422 3175 457 3240 Si
486 3175 589 3241 exitus
619 3193 768 3248 versuum
800 3173 975 3239 seeundum
1005 3175 1135 3258 regulas
1164 3175 1196 3239 in
1223 3175 1241 3258 §
1268 3179 1279 3237 1
1308 3179 1488 3260 expositas

338 3278 577 3344 constitutorum
601 3277 806 3363 contemplati
829 3283 974 3342 naturam
999 3278 1195 3361 syllabarum
1217 3278 1250 3342 iu
1273 3277 1337 3343 fine
1352 3281 1488 3362 posita-

337 3403 407 3446 rum
438 3381 678 3464 examinamus,
714 3381 886 3446 maximam
920 3387 1044 3465 partem
1077 3381 1244 3465 longarum
1278 3381 1483 3470 invenimus,

339 3485 438 3550 multo
453 3484 606 3551 minorem
621 3483 784 3564 b1·evium;
810 3505 851 3550 ex
873 3485 1024 3550 brevibus
1045 3491 1153 3551 autern
1176 3483 1333 3570 plurimae
1355 3501 1489 3556 exeunt

337 3591 370 3654 in
393 3595 628 3672 consonantem,
655 3588 870 3674 paucissimae
887 3587 922 3653 in
937 3589 1091 3655 vocalem.
1132 3588 1288 3655 Omnibus
1303 3589 1391 3654 enirn
1409 3595 1485 3677 epi-

337 3692 491 3759 niciorum
521 3693 667 3759 versibus
696 3691 870 3758 seeundum
897 3691 1052 3758 Bceckbii
1081 3692 1253 3760 editionem
1283 3699 1486 3777 computatis

336 3795 608 3882 deprehendimus
629 3797 663 3862 iu
685 3795 831 3862 versibus
854 3798 937 3860 3519
959 3815 1071 3862 versus
1098 3801 1156 3861 100
1180 3801 1314 3878 tantum,
1341 3799 1399 3880 qui
1424 3823 1485 3868 ca-

337 3899 417 3966 dant
437 3901 471 3966 in
495 3901 653 3985 syllabam
678 3900 807 3964 brevem
830 3905 972 3984 apertam
994 3899 1025 3982 (i.
1045 3920 1074 3965 e.
1093 3919 1176 3983 quae
1192 3899 1224 3964 in
1240 3900 1387 3966 vocalem
1405 3904 1487 3972 bre-

338 4024 410 4070 vem
434 4003 567 4086 desinit,
593 4004 683 4070 velut
704 4005 765 4086 τέ).
813 4003 860 4068 Ae
882 4003 1018 4088 primum
1041 4003 1170 4087 quidem
1193 4001 1293 4068 oritur
1314 4009 1484 4088 quaestio.

337 4129 411 4173 num
435 4108 517 4174 haec
539 4107 619 4173 ratio
643 4127 682 4173 ex
704 4113 819 4172 natura
842 4106 973 4190 linguae
1003 4125 1139 4190 graecae
1170 4107 1337 4190 proveniat
1365 4130 1409 4175 an
1441 4135 1485 4179 ex

337 4211 469 4276 consilio
493 4217 617 4296 poetae.
665 4210 893 4295 Comparemus
915 4209 1014 4292 igitur
1036 4209 1101 4274 alia
1124 4229 1244 4292 genera
1267 4229 1419 4297 poeseos,
1452 4219 1488 4283 in

337 4313 516 4400 quibusda
541 4333 689 4380 versuum
713 4313 870 4380 divisione
892 4313 983 4380 nulla
1005 4320 1055 4379 est
1077 4312 1253 4396 dubitatio,
1288 4333 1319 4379 e.
1346 4337 1380 4400 g.
1409 4341 1490 4388 ver-
