3226 4932
311 441 351 504 as
744 475 788 485 -
835 439 919 522 [nco]
967 473 1009 484 -

400 631 450 691 10.
476 627 629 712 Epitritus
653 627 857 694 catalecticus
876 634 1071 712 syncopatus
1099 625 1198 710 (cuius
1213 624 1366 709 exempla

475 731 508 795 in
530 729 720 814 fragmentis
742 737 852 796 extare
874 730 1031 812 videntur)

476 837 504 916 a)
534 833 645 900 exiens
667 834 702 900 in
724 833 831 900 medio
853 853 948 899 versu

843 939 915 1008 ιζι,

476 1057 506 1139 b)
534 1055 645 1122 exiens
667 1055 700 1121 in
723 1065 865 1122 extremo
887 1075 981 1122 versu

857 1161 867 1190 Ι

397 1294 513 1361 Omnia
533 1295 632 1378 igitur
654 1297 724 1362 cola
746 1297 1002 1362 extraordinaria
1024 1303 1208 1381 computata
1225 1315 1358 1360 nurnero
1374 1301 1459 1360 sunt

316 1403 388 1462 175.
436 1397 559 1476 Quibus
587 1398 733 1464 deductis
762 1421 782 1466 a
810 1419 935 1465 summa
958 1399 1097 1465 colorum
1120 1399 1260 1464 omnium
1284 1401 1364 1478 834,
1400 1418 1459 1462 re-

313 1508 399 1567 stant
421 1502 492 1568 oola
514 1501 675 1566 ordinaria
698 1505 759 1566 656
783 1509 815 1567 et
838 1505 856 1567 3
880 1503 950 1568 cola
972 1503 1188 1568 alloeometra.

840 1727 911 1810 §a

398 1862 568 1928 Catalexes
596 1863 630 1926 in
657 1862 763 1928 medio
784 1883 878 1929 versu
902 1865 988 1929 etin
1011 1862 1178 1948 dactylicis
1201 1869 1233 1928 et
1254 1862 1287 1925 in
1310 1861 1457 1925 trochai-

314 1965 360 2030 cis
383 1965 462 2032 colis
485 1965 597 2032 eadem
621 1973 698 2030 nota
719 1965 937 2050 significamus
956 1983 993 2044 L,
1020 1987 1103 2049 quae
1125 1967 1255 2050 longam
1270 1965 1450 2044 trisemam,

313 2067 334 2132 i.
361 2087 390 2133 c.
416 2075 481 2134 tres
503 2089 608 2136 moras
637 2067 788 2154 (χρόνους
811 2066 974 2154 πρώτους]
1003 2069 1174 2136 habentem
1197 2067 1362 2153 exprimit,
1392 2087 1454 2132 ex-

312 2172 453 2255 emplum
476 2172 577 2238 secuti
595 2171 725 2238 Christii
746 2173 780 2238 in
802 2172 941 2239 editione
964 2172 1094 2238 Pindari
1122 2176 1152 2254 {a
1174 2191 1236 2254 quo
1258 2171 1328 2256 ipse
1350 2171 1385 2235 in
1410 2171 1455 2235 li-

314 2274 370 2339 bro
394 2274 491 2340 dere
515 2275 646 2341 metrica
668 2275 848 2360 discessit),
875 2276 971 2359 idque
992 2275 1081 2356 ideo,
1108 2275 1243 2360 primurn
1268 2281 1302 2338 ut
1323 2273 1455 2358 signifi-

311 2396 420 2442 cemus
443 2377 513 2442 cola
535 2377 653 2444 diversi
675 2377 802 2462 quidem
830 2379 950 2444 metrici
979 2377 1108 2466 generis
1135 2375 1192 2443 sed
1222 2376 1364 2442 eiusdem
1391 2396 1454 2460 ge-

312 2481 398 2546 neris
422 2479 592 2566 rhythmici
615 2499 704 2564 esee,
738 2482 853 2548 deinde
883 2481 959 2565 quia
983 2488 1133 2566 putamus
1156 2480 1337 2565 rhythmum
1362 2499 1454 2544 conr-

312 2603 440 2650 mnnem
463 2585 621 2668 pertinere
643 2585 685 2650 ad
708 2605 810 2668 genus
833 2585 964 2670 duplum
992 2588 1097 2669 (γένος
1121 2581 1326 2664 διπλάσιον),
1357 2583 1453 2648 ouius

312 2685 420 2752 theses
449 2687 558 2768 binas,
595 2707 684 2754 arses
714 2688 859 2772 singulas
889 2709 994 2754 moras
1025 2689 1153 2753 habent.
1206 2689 1310 2770 Atque
1342 2686 1377 2750 in
1412 2705 1453 2750 eo

312 2789 440 2871 quidem
471 2809 581 2856 omnes
611 2791 669 2857 viri
696 2790 780 2856 docti
803 2791 1019 2872 consentiunt,
1052 2790 1198 2875 rhythmo
1220 2787 1452 2871 exaequandos

314 2912 386 2958 esse
409 2893 576 2958 trochaeos
599 2901 631 2958 et
653 2893 799 2978 dactylos
822 2895 855 2959 in
878 2895 1009 2978 stropha
1032 2894 1149 2974 dorica,
1175 2913 1234 2960 nec
1253 2899 1360 2958 tamen
1377 2911 1451 2957 cam

314 3014 444 3060 causam
461 2998 670 3080 protulerunt,
693 3018 776 3081 quae
792 2997 883 3064 nobis
899 2997 1090 3081 gravissima
1105 2997 1230 3063 videtur
1245 3015 1328 3062 esse.
1367 2995 1451 3079 Epi-

314 3097 406 3163 tritns
429 3099 513 3164 enim
536 3101 733 3166 acataleotus
756 3108 788 3166 et
803 3101 895 3167 colon
909 3101 1102 3186 dactylicum
1118 3101 1339 3180 acatalectum
1365 3118 1453 3182 quae

312 3201 455 3285 legitime
478 3210 597 3268 exeunt
618 3203 651 3268 in
674 3204 850 3288 spondeum
875 3211 1058 3286 utrumque,
1084 3203 1185 3270 isdem
1209 3201 1454 3270 condicionibus

314 3303 514 3387 illegitimum
552 3305 724 3373 admittunt
759 3307 959 3384 trochaeum
1000 3327 1079 3388 quas
1117 3305 1319 3372 condiciones
1356 3306 1454 3370 tertia

313 3407 499 3488 quaestione
532 3407 719 3491 diligentius
757 3429 962 3495 exponemus.
1017 3409 1111 3476 Adde
1145 3409 1229 3494 quod
1265 3407 1452 3493 rhythmum

313 3509 460 3589 strophae
489 3511 619 3578 doricae
648 3512 737 3596 dupli
767 3511 894 3597 generis
925 3532 997 3578 esse
1021 3533 1061 3578 ex
1083 3512 1186 3578 isdem
1209 3511 1455 3577 condicionibus

312 3613 452 3679 trochaei
481 3615 641 3698 illegitimi
671 3615 843 3681 verisimile
874 3614 943 3680 fieri
965 3623 1123 3700 putamus.
1172 3615 1240 3681 Lex
1262 3615 1346 3680 enim
1370 3615 1454 3679 haec

313 3724 376 3782 est:
408 3718 578 3783 trochaeus
600 3738 658 3802 pro
681 3718 824 3802 spondeo
846 3719 879 3783 in
903 3719 991 3785 exitu
1013 3719 1073 3786 coli
1098 3718 1265 3784 acatalecti
1288 3717 1363 3803 poni
1387 3737 1453 3782 non

311 3827 426 3903 potest,
453 3821 515 3886 nisi
538 3822 570 3886 in
594 3821 706 3886 eadem
729 3841 842 3887 versus
858 3823 934 3888 sede
950 3823 983 3887 in
999 3821 1103 3908 prima
1118 3821 1249 3905 stropha
1264 3821 1315 3886 vel
1342 3820 1456 3902 (multo

313 3924 424 4004 rarius)
452 3925 485 3989 in
509 3923 612 4009 prima
634 3925 835 4010 antistropha
857 3925 927 4010 vel,
959 3926 986 3990 si
1017 3925 1057 3991 de
1088 3923 1181 4010 epodi
1210 3945 1306 3990 versu
1330 3923 1451 4008 agitur,

311 4027 343 4091 in
374 4027 478 4112 prima
510 4026 612 4112 epodo
641 4027 809 4094 trochaeus
840 4049 898 4113 pro
929 4029 1072 4114 spondeo
1098 4029 1221 4114 positus
1243 4035 1303 4092 est.
1351 4027 1455 4091 Acce—

311 4129 389 4194 dunt
412 4129 498 4195 alia:
532 4130 672 4196 Primum
702 4132 786 4214 quod
815 4133 886 4197 cola
915 4131 1074 4216 dactylica
1097 4131 1245 4216 strophae
1268 4129 1397 4194 doricae
1420 4129 1456 4194 in

312 4233 470 4317 prioribus
492 4235 652 4319 pedibus,
687 4235 770 4300 sicut
791 4235 911 4320 dactyli
935 4235 1076 4302 colorum
1099 4233 1374 4318 logaoedioorum‚
1400 4233 1457 4316 qui

311 4337 424 4419 cyclici
448 4339 609 4423 appellari
635 4340 747 4416 solent,
774 4359 934 4422 nunquam
959 4338 1145 4424 spondeum,
1171 4337 1205 4402 in
1221 4335 1332 4402 ultimo
1348 4343 1457 4401 antem
