3258 4924
649 460 861 522 ..47-

185 647 269 712 euim
285 653 335 712 est
350 646 531 714 Aloibisdes
547 645 709 732 Mysteriis
724 647 787 714 ism
804 651 941 735 peractis
961 670 1070 715 mense
1087 649 1325 718 Boiidromione

189 751 242 836 qui
264 757 333 816 eret
355 758 428 837 post
450 749 589 818 reditum
611 752 730 818 mensis
754 757 896 836 quartus.

563 967 713 1054 Xenoph.
735 967 826 1034 Heli.
847 967 865 1032 1
889 969 906 1030 7
931 989 954 1034 s.

286 1123 365 1188 Post
389 1145 529 1210 pugnum
552 1124 595 1190 sd
617 1123 811 1210 Arginussas
835 1125 940 1189 oontio
966 1123 1077 1190 habits
1100 1134 1149 1190 est
1171 1126 1204 1191 ἐν
1221 1117 1245 1216 ἦ
1262 1132 1325 1191 τῶν

184 1233 363 1310 στρατηγῶν
385 1225 574 1310 κατηγόρουν
595 1225 679 1291 ἄλλοι
703 1253 733 1291 τε
750 1229 798 1290 καί
815 1225 998 1311 Θηραμένης
1019 1226 1167 1308 μάλιστα·
1191 1231 1324 1316 strategi

186 1351 222 1395 se
244 1329 432 1396 defendunt.
469 1331 594 1395 iocosius
617 1329 753 1413 λέγοντες
782 1327 909 1394 ἔπαθον
939 1327 994 1395 τὸν
1024 1336 1134 1414 δῆμον.
1164 1331 1325 1415 ἐβούλοντο

184 1432 217 1496 δὲ
240 1435 345 1497 πολλοὶ
368 1437 432 1497 τῶν
453 1435 587 1498 ἰδιωτῶν
609 1433 782 1516 ἐγγυᾶσθαι
798 1431 1000 1514 α’νιοτιίμενοε.
1024 1431 1107 1511 ἔδοξε
1122 1435 1157 1500 δὲ
1172 1435 1323 1518 ἀναβαλέ-

183 1541 258 1600 σθαι
282 1535 313 1614 ἐς
336 1534 444 1620 ἑτέραν
466 1535 642 1620 ἐκκλησίαν·
674 1533 744 1600 τότε
767 1534 824 1618 γοῖρ
846 1535 906 1616 ὀψὲ
930 1532 970 1621 ἦν
999 1541 1047 1601 καὶ
1071 1535 1125 1616 τας
1144 1547 1249 1623 χεῖρας
1265 1539 1324 1606 οὐκ

183 1635 220 1703 ἂν
248 1638 430 1723 καθεώρων·
465 1640 524 1724 την
554 1641 589 1705 δὲ
621 1637 737 1723 βουλήν
767 1639 1032 1722 προβουλεύσασαν
1063 1639 1230 1725 ἓοενεγκεῖν
1262 1641 1323 1734 ὅτῳ

184 1741 287 1832 τρόπῳ
312 1743 340 1808 οἱ
362 1741 470 1829 ἄνδρες
492 1745 649 1826 κρίνοιντο.
674 1744 704 1808 8.
722 1741 818 1808 Mero?
834 1743 865 1808 oi
882 1747 979 1808 ταῦτα
995 1743 1113 1826 ἐγένετο
1126 1744 1322 1830 Ἀπατούρια.

187 1880 222 1890 -
249 1883 289 1892 -
321 1848 401 1914 Post
423 1848 599 1932 Apaturia:
637 1849 665 1910 9.
694 1847 855 1930 ἐκκλησίαν
885 1847 1026 1924 ἐποίουν,
1056 1849 1086 1925 ἐς
1117 1847 1158 1932 ἢν
1179 1848 1201 1934 η’
1226 1856 1323 1936 βουλη

183 1947 326 2033 ε’σήνεγκε
348 1949 405 2035 τήν
428 1949 538 2034 ἑαυτῆς
561 1949 687 2035 γνώμην
710 1947 894 2026 Καλλιξένου
916 1948 1053 2028 εἰπόντος
1076 1950 1167 2035 τήνδε
1190 1961 1250 2018 ete.

288 2053 432 2128 Quorum
468 2055 653 2120 contionum
689 2054 776 2140 prior
811 2055 956 2138 proxime
994 2055 1184 2139 praecessit,
1221 2057 1324 2146 alters

182 2157 326 2241 proxime
348 2164 460 2222 seouto
485 2164 533 2223 est
555 2157 722 2244 Apaturiu.
767 2153 842 2242 Ipse
862 2163 973 2223 autem
996 2158 1154 2244 Apaturie
1182 2158 1323 2226 eelebre-

182 2259 298 2342 bentur
327 2259 563 2347 Pyonopsionis
595 2259 708 2326 diebus
738 2259 808 2326 fere
838 2249 982 2324 26-28
1018 2259 1085 2342 (vel
1115 2264 1266 2343 27-29,
1298 2263 1325 2328 si

182 2363 391 2450 Pyenopsion
413 2371 483 2430 eret
505 2361 658 2448 solidus):
682 2362 718 2429 ot
740 2365 780 2428 A.
796 2363 974 2430 Mommsen
992 2361 1105 2430 Heort.
1128 2385 1160 2450 p.
1177 2367 1240 2430 302
1256 2387 1322 2452 sqq.

183 2467 262 2534 Dies
287 2470 365 2534 oerti
388 2469 455 2534 erui
478 2489 543 2534 non
565 2475 718 2554 possunt;
741 2487 857 2532 moneo
881 2473 989 2532 sutem
1012 2469 1246 2554 Pysnopsionis
1269 2469 1321 2536 die

183 2571 295 2636 ultimo
319 2571 479 2638 celebrate
502 2593 571 2637 esse
595 2571 725 2637 Cheloio
748 2570 800 2653 (ef.
824 2571 863 2636 A.
887 2570 1066 2636 Mommsen
1088 2573 1110 2636 l.
1134 2571 1191 2655 l.);
1214 2593 1323 2657 quam·

184 2693 279 2758 quem
302 2673 364 2740 hoe
388 2677 457 2762 ipso
480 2675 531 2740 die
553 2674 716 2742 decretum
739 2673 858 2738 fectum
882 2683 931 2739 est
954 2695 984 2740 n.
1010 2677 1071 2742 178
1094 2676 1322 2757 (οἱ.112,4Ξ

184 2779 309 2862 329l8).

286 2883 379 2948 Aliso
412 2884 577 2948 contiones
607 2881 693 2968 apud
721 2881 989 2967 Xenophontem:
1019 2882 1107 2948 Heli.
1130 2883 1147 2947 Ι
1173 2888 1185 2948 l
1212 2905 1257 2964 se,
1279 2905 1324 2966 su;

183 2985 549 3068 112⁴,·12;V15n.

589 3175 712 3240 Andos
735 3175 752 3240 1
779 3177 918 3241 83-84.

284 3333 446 3398 Tisameni
469 3331 651 3419 psephisma
673 3331 795 3397 fautum
818 3339 866 3396 est
883 3332 923 3398 oi.
941 3335 1015 3414 943
1035 3357 1068 3388 =
1082 3333 1191 3414 toste.
1213 3333 1322 3419 Popu-

183 3436 248 3501 lsre
270 3437 440 3522 imperium
463 3419 720 3501 restitutum'est
735 3434 978 3500 Boedromionis
1001 3434 1052 3500 die
1067 3434 1137 3499 XII
1160 3436 1258 3517 (Plnt.
1280 3436 1321 3502 de

182 3541 261 3624 glor.
285 3538 360 3605 Ath.
380 3561 411 3626 p.
436 3539 523 3608 379).
568 3537 678 3623 Atque
708 3537 844 3622 primum
875 3536 1016 3602 desuevit
1038 3537 1176 3622 populus
1198 3537 1322 3624 legibus

183 3644 230 3708 uti
259 3642 386 3708 Solonis
418 3649 450 3707 et
478 3641 652 3707 Dracontis
684 3639 784 3724 (And.
808 3641 825 3704 Ι
848 3643 906 3720 823
938 3640 1024 3708 Xon.
1054 3640 1141 3706 Heli.
1165 3639 1198 3705 II
1226 3647 1322 3724 4nt3

185 3747 291 3832 pergit
312 3745 397 3810 And.
420 3745 511 3810 182:
545 3741 650 3828 ἐπειδὴ
680 3744 712 3808 δὲ
739 3740 855 3827 βουλήν
884 3739 1119 3826 ἀπεκληρώσατε
1150 3745 1323 3827 νομοθέτας

183 3875 216 3914 τε
247 3850 388 3927 εἵλεσθε,
419 3847 606 3931 seposuisse
637 3853 698 3911 τῶν
729 3845 833 3928 νόμων
864 3849 927 3911 τῶν
956 3873 990 3912 τε
1020 3847 1159 3928 Σόλωνος
1187 3853 1235 3915 καὶ
1258 3858 1323 3916 ταῖν

185 3951 357 4034 Δράκοντος
387 3948 516 4028 πολλοιῗς
545 3947 636 4028 ὄντας
665 3946 709 4028 οἷς
738 3953 844 4014 πολλοὶ
875 3957 936 4014 τῶν
965 3957 1096 4015 πολιτῶν
1122 3951 1219 4038 ἔνοχοι
1241 3949 1322 4039 ἦσαν

183 4061 246 4138 τῶν
261 4053 408 4138 πρότερον
422 4053 511 4118 ἓνεκα
528 4051 708 4136 γενομένων,
724 4051 883 4137 ε’κκληοίαν
898 4052 1077 4137 ποιήσαντες
1092 4053 1321 4137 ἐβουλεύσασθε

183 4160 250 4242 περὶ
282 4156 388 4222 αὐτῶν
419 4161 467 4222 καὶ
500 4155 710 4244 ἐψηφίσασθε.
756 4157 908 4242 Sequitur
939 4157 1124 4242 psephisma
1152 4158 1321 4226 Tisameni.

184 4257 318 4325 Festum
348 4261 445 4346 igitur
476 4267 525 4325 est
560 4261 623 4324 hoe
660 4259 822 4327 decretum
863 4261 1028 4348 eliquanto
1065 4269 1140 4348 post
1177 4261 1321 4328 Boedro·

184 4363 298 4429 mionis
324 4363 408 4429 diem
431 4361 499 4427 XII
522 4363 751 4449 Pysnopsione
774 4371 810 4428 ut
832 4363 961 4432 videtur
987 4365 1118 4431 ineunte
1145 4364 1203 4450 (of.
1225 4366 1243 4449 ξ
1262 4367 1331 4431 83ε·
