3238 4930
749 808 775 891 ξ.
801 809 827 874 I.

241 999 244 1005 .
324 945 443 1008 Notum
467 953 515 1009 est
531 946 659 1010 Horatii
676 947 848 1010 carminum
867 948 1127 1031 inscriptionibus
1142 950 1172 1012 iu
1190 949 1353 1014 codicibus

217 1048 338 1133 aliquot
360 1048 487 1112 Graeca
510 1051 584 1112 addi
607 1051 775 1130 adiectira,
806 1072 889 1135 quae
912 1051 1060 1136 adposita
1086 1073 1154 1116 esse
1185 1053 1354 1118 videantur

217 1151 257 1216 ad
288 1155 468 1216 universam
499 1154 696 1238 singulorum
732 1156 905 1219 carminum
940 1155 1080 1220 indolem
1115 1156 1353 1242 designandam.

218 1256 309 1329 Quae
331 1259 513 1320 notationes
537 1257 622 1321 unde
646 1257 799 1341 originem
824 1259 942 1322 ducant
970 1266 1001 1322 et
1025 1279 1087 1344 quo
1111 1259 1180 1322 iure
1203 1259 1263 1322 illis
1287 1280 1352 1322 car-

192 1359 354 1446 minibus
396 1361 628 1443 attribuautur‚
667 1382 785 1445 operae
828 1363 965 1446 pretium
1006 1362 1132 1426 videtur
1169 1362 1352 1446 diligentius

216 1465 415 1549 perscrutari.

318 1567 376 1631 Est
399 1576 508 1632 autem
531 1569 561 1630 in
586 1568 871 1651 significationibus
895 1568 1048 1634 addendis
1071 1571 1159 1634 nulls
1181 1569 1213 1632 in
1237 1569 1281 1634 eis
1299 1589 1351 1632 co·

216 1671 339 1735 dicibus
362 1672 470 1756 quiin
494 1692 624 1735 consum
651 1673 783 1734 veniunt
807 1673 1000 1736 constantia:
1024 1693 1095 1736 cum
1113 1693 1218 1757 neque
1243 1692 1352 1735 omues

216 1775 342 1838 codices
367 1783 548 1840 constanter
576 1775 717 1861 epitheta
735 1775 789 1838 illa
813 1775 995 1860 praebeant,
1020 1797 1130 1838 verum
1147 1796 1219 1858 pars
1237 1797 1274 1840 ea
1292 1797 1347 1838 ex·

215 1878 321 1942 lribeat
343 1900 416 1963 pars
442 1881 576 1957 omittat,
602 1901 706 1964 neque
730 1879 761 1943 in
787 1879 929 1944 eiusdem
955 1880 1100 1944 carminis
1117 1877 1351 1962 significatione

216 2003 325 2045 omues
361 1983 479 2066 ubique
517 1984 726 2046 consentiant.
783 1983 891 2066 Atque
917 1983 1042 2047 codices
1059 1983 1089 2044 hi
1114 1989 1187 2045 sunt
1224 2021 1238 2026 -
1276 1989 1350 2044 utor

216 2087 299 2149 notis
324 2086 472 2150 editionis
495 2085 698 2150 Kellerianae
722 2087 849 2150 maioris
874 2109 930 2148 -ε

322 2193 352 2252 Α
375 2219 416 2240 =
440 2189 509 2254 cod.
526 2189 690 2253 Parisinus
708 2193 804 2253 7999·
819 2211 900 2254 saec.
917 2191 966 2254 IX
983 2191 1044 2256 --X
1063 2190 1137 2254 olim
1154 2189 1348 2258 l’uteaneus.

320 2295 349 2354 B
371 2322 412 2344 :-
436 2293 506 2358 cod.
531 2293 702 2357 Berneusis
727 2293 789 2358 363
814 2315 895 2357 saec.
920 2293 971 2358 IX
994 2294 1067 2357 olim
1092 2291 1314 2356 Floriacensis.

317 2395 351 2459 P
370 2397 516 2460 :liber
546 2397 742 2480 archetypus
774 2397 918 2460 codicum
951 2397 1170 2460 Parisinorum
1203 2397 1286 2457 7974
1319 2401 1351 2455 et

372 2503 450 2563 7971
478 2520 559 2566 saec.
575 2499 609 2563 X
633 2524 656 2583 ῳ
680 2507 711 2562 et
730 2517 766 2582 ro,
790 2499 921 2564 alterius
938 2499 1010 2564 olirn
1028 2499 1194 2579 Puteonei‚
1219 2497 1350 2560 alterius

370 2605 445 2667 clim
468 2603 689 2666 Floriaceusis.

318 2714 398 2769 1-
422 2706 525 2770 codcx
547 2707 712 2770 Parisinus
736 2709 752 2768 7
758 2707 819 2769 979
843 2727 924 2771 saec.
947 2706 980 2770 X
1003 2705 1078 2769 olim
1102 2705 1334 2769 Mentelliauus.

316 2835 398 2892 y:
422 2810 491 2874 cod.
516 2809 680 2873 Parisinus
705 2811 789 2872 7975
813 2831 896 2874 saec.
920 2809 980 2874 XI.

319 2939 400 2976 a:
424 2912 493 2976 cod.
527 2912 708 2977 Turioensis
741 2911 907 2976 Corolinus
932 2915 951 2976 6
981 2933 1064 2976 saec.
1095 2911 1127 2976 X
1161 2911 1235 2976 olim
1262 2911 1350 2975 Men·

372 3017 528 3080 tollianus.

320 3149 337 3183 rr
363 3150 404 3172 =
428 3119 499 3184 cod.
522 3119 684 3183 Parisinus
711 3121 814 3182 19319
839 3139 920 3182 saec.
945 3117 988 3181 X.

303 3233 425 3307 Quibus
448 3231 480 3294 in
506 3231 668 3295 codicibus
692 3230 835 3316 epitheta
857 3232 1046 3314 graecanica
1062 3231 1215 3314 leguntur
1238 3228 1349 3293 haec:¹

217 3345 385 3429 allegorice
500 3366 537 3424 yr
552 3343 587 3406 II
604 3347 645 3407 20
673 3338 874 3460 (allegorioel

533 3447 583 3512 rel
604 3446 803 3531 paraenetica
827 3443 859 3525 y)

215 3586 442 3670 antapodotice
500 3583 571 3666 Fyrr
594 3583 648 3648 111
671 3586 689 3646 9

224 3691 359 3700 -ι--.-.-..-
368 3691 414 3697 ...-

320 3727 327 3759 ¹
348 3724 388 3775 Dc
408 3722 535 3788 epithetis
554 3723 668 3788 graecis,
691 3735 760 3788 quae
779 3721 805 3771 in
827 3719 1026 3787 antiquioribus
1045 3718 1274 3770 editionibus
1293 3718 1349 3770 Ho-

216 3812 279 3863 ratii
298 3809 395 3874 (ueluti
414 3810 439 3860 in
461 3809 672 3872 Pulmuuuiauo‚
692 3807 848 3874 Cruquiaua
868 3813 894 3857 at
918 3822 971 3856 nou
990 3805 1084 3872 paucis
1104 3821 1137 3856 ex
1158 3801 1350 3870 sequentibus)

216 3899 355 3965 leguntur,
375 3896 532 3946 accuratius
552 3893 703 3960 aliquando
723 3892 858 3958 agendum
878 3893 945 3954 erit3
964 3899 1076 3960 propter
1096 3889 1244 3941 editionum
1264 3904 1350 3955 penu-

216 3985 282 4036 riam
298 3981 477 4050 argentorati
497 3981 568 4032 lruuc
588 3980 708 4032 laborem
735 3979 865 4044 perticere
891 3995 943 4030 nou
972 3978 1057 4043 potui.
1089 4005 1115 4012 -
1144 3975 1210 4028 Sero
1229 3975 1285 4026 vidi
1305 3989 1350 4028 co-

198 4070 303 4124 dicem
329 4067 435 4120 Horatii
462 4065 647 4118 Oxouiausem
674 4063 798 4128 (ereeu's
820 4064 923 4128 Collepe
942 4065 972 4115 P.
991 4063 1019 4126 ⁸2)
1038 4078 1110 4114 saec.
1129 4060 1164 4122 X,
1186 4077 1264 4128 quem
1285 4077 1350 4113 cou-

174 4141 176 4144 ’
216 4157 278 4207 tura
299 4154 329 4206 a.
349 4153 376 4205 o.
397 4151 540 4202 Wickhcm
561 4151 589 4202 u
609 4150 730 4202 carrione
743 4149 973 4212 uorurrmxoau
991 4149 1063 4210 raa,
1079 4148 1129 4199 vor.
1143 4147 1156 4198 1
1170 4163 1195 4214 p.
1214 4145 1264 4199 aaa
1277 4150 1349 4215 sqq.)

216 4242 275 4292 lere
299 4245 456 4292 constanter
481 4236 574 4288 eadem
601 4244 685 4302 atque
710 4235 830 4287 codicem
856 4234 883 4284 F
906 4236 932 4285 in
960 4233 1107 4285 carminum
1128 4233 1351 4298 inscriptionibus

217 4326 348 4392 praebere
368 4323 491 4390 epitheta
509 4323 683 4386 graecanica,
705 4321 755 4370 nisi
776 4319 849 4386 quod
870 4321 1011 4388 aliquanto
1031 4321 1111 4386 plura
1131 4335 1210 4386 quam
1224 4319 1350 4371 Fomisti

217 4412 390 4464 Oxonieusis.

1214 4487 1246 4541 μ
