3238 4930
742 417 831 502 [aaa]
1315 428 1351 486 rr

216 609 375 694 discrepat
385 630 456 672 cum
470 607 587 672 nostris
601 608 764 672 codicibus
772 608 820 672 Fr
829 607 959 694 (reliqui
973 610 1055 674 euim
1068 621 1176 675 carent
1186 611 1353 695 epitheto),

216 713 331 798 quibus
364 711 648 797 ,prosphonetice“
685 721 742 776 est.
794 713 902 794 Alter,
937 713 1191 798 Porphyris,
1227 714 1354 779 Horatii
1391 753 1392 758 κ

216 819 374 901 interpres
399 818 496 894 (saec.
521 815 572 879 III
595 815 641 896 t),
673 823 738 880 tres
762 817 853 880 nobis
877 815 973 880 tradit
997 817 1090 880 huius
1113 819 1238 900 generis
1260 819 1354 902 signi·

215 921 398 984 flectiones:
424 919 458 1002 1)
489 919 542 982 ad·
561 941 655 983 cerm.
679 919 694 984 I
721 922 759 984 16
783 920 955 1004 palinodia,
988 921 1022 1002 2)
1051 921 1091 984 ad
1124 941 1250 986 carmen
1274 923 1289 985 1
1313 925 1353 985 24

218 1030 344 1108 θρῆνος,
368 1033 538 1109 utrumque
555 1046 626 1088 cum
650 1024 718 1106 Fly
735 1026 946 1108 consenticus,
966 1026 1102 1110 denique
1122 1024 1157 1108 3)
1173 1026 1211 1088 ad
1227 1046 1353 1089 carmon

216 1128 295 1192 127
326 1129 533 1214 protreptice.
569 1128 622 1191 ubi
653 1129 684 1192 iu
717 1128 880 1193 codicibus
910 1130 1070 1212 inscriptio
1103 1129 1226 1193 Graeca
1253 1129 1352 1194 deest.

216 1230 352 1294 Secutus
382 1232 480 1316 igitur
508 1239 557 1295 est
586 1231 721 1295 eandem
744 1231 812 1296 sere
838 1253 932 1317 quam
957 1233 1055 1295 nostri
1087 1231 1212 1296 codices
1236 1254 1352 1294 memo-

214 1335 310 1397 riam:
338 1355 411 1398 nam
428 1334 445 1398 Ι
463 1338 501 1398 11
522 1335 754 1420 ,protreptice“
773 1335 828 1396 vix
845 1343 894 1397 est
912 1356 966 1397 cnr
981 1355 1135 1418 negemus
1150 1335 1353 1418 neglegentia

213 1438 332 1502 librarii
356 1440 387 1502 in
411 1439 587 1523 archetypo
611 1437 749 1500 familiae
773 1436 805 1500 F
826 1439 975 1501 omissum
1000 1459 1081 1502 esse.

317 1541 426 1607 Tertio
460 1545 532 1607 loco
568 1541 726 1605 accedunt
759 1542 879 1604 scholia
911 1562 993 1626 quse
1026 1543 1204 1605 Acrouis
1237 1563 1350 1605 nomeu

93 1730 96 1736 Ι
213 1644 327 1709 ferunt.
373 1647 437 1710 Ubi
459 1667 540 1730 quae
564 1652 675 1710 extant
698 1645 841 1728 epitheta
864 1645 1059 1728 pragmatica
1084 1645 1145 1707 11.
1170 1645 1204 1708 II
1226 1650 1257 1723 13
1282 1667 1350 1709 ero-

212 1743 273 1811 tice
298 1747 370 1810 119
389 1746 552 1829 [ἐρωτικῶς
575 1746 681 1829 113];
705 1747 907 1831 paraenetica
931 1745 947 1808 I
974 1749 1027 1827 173
1052 1746 1257 1831 hypothetice
1277 1747 1294 1810 I
1314 1752 1350 1811 15

212 1872 276 1916 nou
300 1853 450 1916 differunt
473 1873 493 1914 a
515 1853 629 1916 nostris
649 1851 828 1915 codicibus:
851 1851 1002 1935 pleraque
1017 1851 1049 1913 iu
1065 1851 1142 1931 Fly,
1160 1851 1348 1915 vocabulum

216 1957 450 2039 ,pragmaticc“
476 1955 493 2018 I
512 1959 525 2018 1
552 1963 585 2019 et-
609 1954 676 2018 111
702 1956 733 2018 in
749 1955 881 2040 singulis
898 1953 1059 2018 codicibus
1075 1957 1105 2016 Β
1125 1963 1157 2018 et
1172 1979 1190 2034 γ
1204 1954 1350 2034 redeunt,

212 2060 302 2122 utin
325 2057 359 2122 F
380 2059 549 2124 videantur
571 2058 703 2122 fortuito
732 2061 958 2144 praetermissa
982 2081 1061 2122 csse.

316 2265 354 2329 Iu
387 2273 500 2351 quarto
532 2265 612 2328 libro
643 2267 766 2329 nullum
796 2287 866 2330 esse
892 2266 1046 2330 librorum
1070 2267 1188 2347 (Amy
1214 2303 1247 2312 -
1276 2289 1349 2330 nom

212 2365 246 2428 F
265 2367 296 2430 in
319 2369 381 2431 hoc
403 2369 484 2432 libro
508 2368 657 2456 epithetis
677 2389 740 2431 uuo
765 2377 901 2448 excepto
925 2379 1011 2431 caret
1035 2367 1091 2450 -)
1118 2367 1293 2432 dissensum
1317 2371 1348 2432 iu

215 2471 376 2534 vocabulis
400 2471 440 2534 de
464 2471 578 2556 quibua
601 2472 706 2554 agitur
731 2473 792 2534 ism
817 2473 1142 2536 commemoravimus.
1173 2471 1255 2535 Nom
1279 2473 1350 2537 leve

213 2575 357 2660 estquod
372 2599 390 2656 y
406 2575 435 2638 iu
453 2575 554 2659 quinti
571 2576 717 2638 carminis
729 2576 933 2658 inscriptione
947 2576 1062 2638 emittit
1075 2576 1185 2639 verba:
1200 2577 1350 2660 ,paeonis

213 2679 367 2764 species“.
408 2681 437 2740 B
460 2678 587 2742 tertium
612 2697 738 2742 carmen
761 2679 890 2742 omuino
907 2699 971 2741 uon
988 2677 1093 2743 habet.
1119 2678 1267 2741 Ceterum
1286 2699 1350 2741 car·

212 2783 350 2847 minibus
376 2783 394 2844 9
419 2788 450 2844 ct
476 2783 513 2844 15
536 2787 632 2846 notae
655 2802 717 2844 uon
743 2781 913 2845 adduntur.
1163 2767 1167 2777 ¹

740 3007 758 3088 s
780 3007 826 3072 11.

315 3165 384 3228 lam
407 3163 433 3226 si
456 3164 647 3247 quaerimus,
672 3184 746 3228 num
768 3163 828 3228 has
851 3163 1071 3247 inscriptiones
1091 3164 1158 3247 ipso
1177 3163 1349 3246 archetypo

214 3288 276 3352 quo
308 3266 445 3331 traditae
475 3273 549 3330 sunt
581 3267 775 3352 antiquiores
805 3265 1019 3352 perhibendae
1053 3268 1116 3330 aiut
1138 3288 1177 3328 au
1202 3287 1277 3347 uon,
1311 3265 1350 3328 ad

214 3393 285 3436 eom
311 3369 531 3455 quaestionem
554 3370 741 3434 solvendam
763 3369 894 3454 aliquod
919 3377 1113 3432 momontum
1138 3369 1233 3431 habet
1256 3367 1352 3433 index

212 3475 266 3539 ille
286 3474 326 3538 de
352 3494 416 3558 quc
440 3493 536 3557 supro
558 3497 589 3558 p.
615 3477 632 3538 7
657 3481 689 3538 et
715 3478 754 3537 14
778 3473 925 3552 diximus,
955 3473 1008 3557 qui
1032 3472 1063 3534 in
1088 3473 1149 3535 fine
1173 3472 1258 3534 tertii
1282 3471 1351 3534 libri

213 3578 408 3664 perscriptus
425 3576 656 3641 vocabulorum
681 3577 721 3640 de
745 3577 860 3661 quibus
883 3577 988 3660 agitur
1005 3575 1266 3655 graecauioorum
1288 3593 1352 3637 nou

217 3681 369 3759 omnium,
392 3680 447 3745 sed
473 3681 572 3766 partis
596 3688 720 3746 tanturn
738 3685 943 3764 conspectum
959 3678 1231 3743 versioneLstina
1247 3677 1355 3741 addita

217 3784 360 3869 praebet.
406 3784 573 3870 Leguutur
596 3784 639 3848 ibi
661 3784 727 3850 fere
752 3785 848 3848 haec:

321 3887 357 3961 Q.
392 3887 522 3952 Horatii
543 3887 648 3952 Flacci
666 3888 838 3951 carminum
862 3886 942 3950 liber
965 3885 1018 3949 III
1043 3884 1181 3968 explicit.
1215 3882 1353 3949 Erotice.

217 3990 394 4056 Amatoria.
424 3991 638 4076 Pragmatice.
665 3991 848 4056 Causative.
871 3989 1103 4074 Hypothetiee.
1125 3987 1353 4054 Personaliter.

215 4179 305 4234 num.“
333 4181 369 4232 cl.
384 4181 451 4233 ibid.
465 4197 490 4246 p.
504 4181 565 4243 519,
579 4182 626 4234 21:
646 4183 744 4240 „tertia
758 4181 808 4233 ode
823 4179 925 4232 dicolos
940 4179 1119 4231 Horatiorum
1135 4183 1250 4230 metrum
1264 4179 1355 4242 habet,

215 4267 292 4318 euius
311 4267 386 4334 prior
405 4282 500 4317 vorsus
520 4272 628 4317 constat
647 4281 680 4316 err
700 4265 837 4332 Glyconio
857 4274 884 4316 et
903 4265 1002 4330 recipit
1021 4271 1076 4314 tres
1095 4267 1187 4330 perles.
1206 4267 1353 4330 spondeum

214 4353 404 4406 choriambum
424 4353 556 4405 iambum:
577 4357 616 4406 stc
633 4359 657 4404 tc-
676 4353 739 4405 dinc
754 4359 851 4415 potens
873 4349 984 4418 Cypri“

1233 4437 1250 4488 ⁸2
