3226 4932
609 463 650 471 -
700 427 782 508 μιν
830 462 872 470 -
1267 429 1308 488 45
1407 499 1414 514 ,

172 623 291 680 certum
316 619 379 695 est,
412 633 475 677 non
499 613 619 695 solnm,
652 614 729 698 quia
750 614 796 679 ita
818 614 956 679 evitatur
978 613 1083 678 exitus
1104 613 1310 698 imperfectus

171 719 263 800 isque
285 714 470 798 femininus,
497 715 553 780 sed
578 716 673 782 etiam
697 717 773 802 quia
794 724 928 782 metrum
948 715 1179 802 paenultimam
1195 717 1310 802 corripi

171 821 272 886 iubet.
329 819 388 884 Est
421 817 506 883 enim
539 817 674 886 fortasse
707 819 906 904 paenultima
939 819 1093 904 producta
1123 819 1310 903 plerumque

172 943 287 988 causa.
321 941 377 987 cnr
398 945 437 984 -o
460 920 567 986 finalis
590 921 813 988 femininorum
836 923 958 1008 primae
981 921 1205 988 declinationis
1227 922 1312 986 anti-

175 1027 283 1108 quitus
313 1025 410 1108 longa
433 1024 635 1110 corripiatnr;
670 1033 815 1112 correpta
836 1025 935 1108 igitur
956 1025 1167 1110 paenultima,
1198 1024 1312 1090 ultima

173 1128 412 1214 productionem
435 1135 602 1213 recuperat
622 1129 676 1194 vel
698 1137 816 1194 servat.

260 1231 299 1294 In
327 1229 483 1294 vocabulo
513 1237 620 1296 autem
650 1231 813 1296 simillime
842 1231 976 1296 formato
998 1231 1154 1311 βασίλεια
1184 1231 1218 1296 in
1248 1229 1311 1296 fine

174 1353 286 1398 versus
309 1332 335 1398 N
358 1333 373 1396 1
397 1335 437 1396 39
460 1333 556 1398 etiam
580 1334 677 1400 latins
699 1333 854 1418 processit
875 1333 1044 1416 Pindarus,
1075 1354 1146 1400 eum
1169 1333 1310 1414 βασιλέα

174 1436 276 1502 forma
297 1443 362 1501 tres
385 1435 530 1518 syllabas
552 1435 635 1502 ellici
658 1437 783 1503 iuberet

622 1577 646 1587 ..
660 1557 711 1588 w
727 1577 748 1586 -
765 1559 816 1587 νυ
830 1542 854 1586 Ξ

561 1637 647 1706 ἀλλὰ
669 1649 760 1708 θεῶν
780 1627 926 1726 βασιλέα

176 1743 230 1808 ubi
260 1744 386 1809 codices
414 1745 549 1810 formam
577 1747 758 1830 regularem
787 1754 820 1813 et
843 1747 1003 1832 ceteroqui
1025 1747 1228 1812 Pindaricam
1252 1745 1311 1810 ha-

175 1848 251 1913 bent
273 1848 441 1929 ducitae.
488 1849 538 1913 Ex
567 1848 669 1914 forma
695 1850 794 1934 igItur
819 1850 973 1916 inusitata
996 1847 1087 1935 ἱερέα
1110 1847 1287 1915 adhibita
1278 1868 1311 1912 m

176 1949 238 2014 fine
261 1970 373 2016 versus
396 1959 546 2036 apparet,
580 1959 780 2104 quantopere
804 1953 941 2020 evitetur
963 1953 1069 2020 exitus
1091 1950 1307 2036 imperfectus.

265 2052 568 2136 ilPIV21-
795 2053 1125 2108 -w--LQ-

345 2157 465 2239 λίμνας
488 2154 601 2242 θόρ’
583 2163 676 2245 ανέρι
699 2158 861 2245 εἰδομένῳ
845 2171 986 2244 ογαῖαν
1008 2155 1136 2224 διδόντι

345 2262 513 2340 ξεληνια
564 2263 668 2344 .,81
696 2264 955 2350 3p‚1br,1ip

176 2364 282 2429 exitus
304 2364 510 2448 imperfectus
532 2313 668 2432 odendis
675 2367 858 2449 ,quoniam
881 2366 1053 2432 femininus
1075 2365 1130 2430 vix
1153 2363 1231 2429 satis
1254 2382 1311 2428 ex-

176 2473 305 2533 cusatur
326 2468 430 2534 vocali
452 2494 492 2549 -ι,
527 2469 704 2535 sententiae
733 2477 841 2536 antem
871 2489 934 2535 non
963 2469 1068 2535 minus
1098 2468 1206 2534 dativo
1237 2485 1312 2532 con-

176 2570 264 2636 venit
293 2571 462 2654 genetivus
495 2576 583 2636 θεοῦ
611 2569 787 2653 εἰδομένοο
817 2569 984 2650 διδόντος;
1022 2572 1141 2658 pendet
1174 2569 1258 2636 enim
1292 2589 1312 2632 a

176 2674 273 2739 verbo
296 2672 415 2752 δέξατο
443 2674 698 2754 (construendum
721 2683 786 2741 est:
815 2671 978 2762 Εὔφαμος
994 2673 1112 2754 δέξατο
1129 2685 1230 2758 γαῖαν
1245 2673 1313 2751 ξελ-

175 2800 232 2840 νια
256 2781 342 2842 θεοῦ
365 2770 460 2862 ἀνέρι
482 2776 658 2860 εἰδομένον
681 2777 862 2860 διδόντος),
893 2778 978 2862 qnod
1000 2777 1159 2843 Pindarus
1181 2774 1311 2860 quidem

177 2881 279 2945 altero
308 2880 377 2946 loco
404 2902 475 2946 oum
498 2880 607 2946 dativo
631 2882 795 2948 coniunxit
816 2881 846 2946 P
869 2881 946 2946 VIII
968 2887 987 2945 5
1009 2873 1158 2962 Ἀσοχίο,
1188 2928 1310 2944 .....

177 2979 392 3049 Πυθιόνικον
418 2981 520 3066 τιμὰν
546 2977 774 3070 Ἀριστομένει
801 2983 909 3065 δέκεο,
944 2983 1101 3050 Homerus
1127 2989 1235 3048 autem
1259 2981 1313 3046 δέ-

177 3090 303 3166 χεσθαι
325 3106 388 3152 non
411 3087 513 3152 solnm
537 3105 608 3152 cnm
632 3087 742 3153 dativo
764 3087 937 3172 coniungit,
964 3087 1022 3153 sed
1045 3087 1140 3152 etiarn
1164 3105 1235 3151 cum
1255 3104 1313 3168 ge-

177 3189 283 3254 netivo
306 3193 343 3254 A
366 3193 438 3268 596,
474 3191 599 3273 5203,
635 3191 750 3255 9305
779 3190 960 3274 (discrimen
982 3189 1017 3254 id
1039 3189 1106 3256 fere
1129 3197 1194 3272 est,
1228 3189 1313 3272 quod

177 3310 235 3356 nos
264 3291 399 3358 facimus
428 3293 511 3358 inter
539 3293 666 3361 reinem
690 3299 790 3360 etwas
812 3293 1011 3358 abnehmen«
1040 3300 1072 3358 et
1101 3313 1183 3358 »von
1207 3291 1312 3357 einem

177 3401 279 3460 etwas
302 3395 543 3481 empiangen«).
590 3397 660 3462 Hoc
688 3403 793 3463 autem
822 3397 891 3462 loco
920 3396 1090 3480 genetivus
1117 3395 1222 3481 aptior
1251 3401 1309 3474 est,

178 3497 254 3580 quia
276 3499 404 3564 dativus
428 3493 539 3583 ἀνέρι,
573 3500 627 3582 qui
651 3499 810 3566 diversam
841 3499 1105 3583 significationem
1135 3499 1246 3579 habet,
1280 3497 1314 3563 in

178 3601 291 3667 eodem
308 3602 471 3668 enuntiato
486 3607 592 3675 extat:
611 3621 714 3686 eaque
730 3621 829 3668 causa
844 3603 1042 3688 corruptelae
1056 3601 1185 3668 videtur
1198 3601 1311 3666 fuisse.

267 3703 503 3789 15)1›1v53
551 3705 1065 3770 ,,,-.ὐ--.ἀι,-υε

399 3805 544 3890 τὸνμὲν
566 3806 771 3894 πολυχρύσῳ
795 3803 874 3874 ποτ’
900 3807 936 3874 ἐν
959 3806 1086 3891 δώματι

661 3912 729 3994 101,
756 3913 817 3992 th,
844 3916 903 3998 ip,
932 3913 1005 3994 6br,
1035 3911 1083 3976 li.

177 4017 242 4082 Ant
263 4039 294 4078 -ι
315 4013 422 4080 finalis
451 4015 606 4100 producta
635 4023 685 4080 est
714 4021 770 4080 ant
796 4015 931 4100 pluralis
958 4015 1177 4081 restituendus
1208 4013 1316 4078 πολο-

179 4117 317 4203 χρύσοις
339 4111 421 4182 ποτ’
447 4115 484 4182 ἐν
505 4116 666 4201 δώμασιν,
693 4118 747 4202 qui
771 4136 870 4204 saepe
892 4139 949 4203 pro
972 4117 1130 4202 singulari
1146 4118 1318 4184 adhibetur

178 4222 219 4288 de
249 4221 396 4287 domibus
420 4221 567 4286 deorum:
602 4221 644 4286 ci.
670 4219 699 4286 P
722 4221 770 4285 IX
793 4223 851 4300 56,
882 4219 1043 4302 lixas,
1078 4223 1135 4288 sed
1165 4221 1198 4286 in
1229 4221 1316 4287 exitu

177 4325 354 4391 masculino
377 4321 505 4406 δώματι
526 4323 602 4390 ferri
625 4331 740 4408 potest.
