3226 4932
597 433 640 444 -
687 397 772 480 [εει]
819 431 861 444 -
1256 401 1298 464 ιο

158 586 264 652 Attico
286 593 544 672 propsroxytona
565 587 618 652 vel
633 586 917 672 properispomena
931 585 1088 668 admittat,
1114 607 1198 670 quae
1214 587 1301 654 deri-

160 696 275 754 vantur
304 689 345 754 nb
367 688 537 756 adieetivis
559 689 592 754 in
614 712 686 776 -ιγς,
719 689 809 756 νεῖαι
832 682 992 775 ἀλήθεια,
1026 685 1197 775 Ἀτρέκεια
1220 697 1295 772 eto,

161 799 217 856 aut
245 812 265 856 a
294 791 481 858 masculinis
511 791 545 857 in
566 815 639 874 «og,
673 792 763 858 velut
784 789 908 878 θήλεια
930 813 951 857 ε
973 792 1097 878 δῆλος,
1129 789 1299 858 θάλειαι

164 891 355 978 “δόλος(·λ),
382 894 518 978 γλυκεῖα
541 914 562 959 a
584 891 715 978 γλυκύς,
742 902 803 960 ete.

248 1034 298 1114 17)
325 1029 354 1096 Ρ
377 1032 437 1096 VII
464 1034 514 1095 19.

527 1130 564 1198 ὦ
580 1169 605 1198 υ
621 1187 642 1196 -
659 1167 710 1198 w
727 1167 753 1204 ι,
770 1156 805 1198 60.
821 1169 847 1198 υ
862 1188 884 1198 -
901 1169 927 1200 υ

249 1251 387 1340 φθόνον
410 1248 635 1336 ἀμειβόμενον
658 1250 699 1318 τὰ
722 1250 809 1318 καλὰ
832 1253 913 1340 ἔργα
938 1257 940 1340 ᾗ
967 1261 1072 1342 φαντί
1094 1280 1129 1341 γε
1156 1306 1221 1322 ...

159 1373 222 1452 Qui
249 1395 362 1442 versus
391 1395 463 1441 oum
494 1376 536 1442 sit
562 1375 676 1442 tertius
706 1375 802 1460 spodi
838 1377 1004 1459 carminis,
1043 1379 1128 1462 quod
1162 1399 1202 1445 ex
1236 1399 1299 1446 uno

160 1485 336 1562 systemate
373 1485 510 1558 oonstat,
552 1477 633 1544 nihil
662 1478 768 1544 obstat
796 1479 965 1560 quominus
995 1480 1090 1547 aliter
1117 1481 1301 1548 diuidamus

158 1601 280 1662 versus,
308 1602 337 1647 e.
362 1602 396 1665 g.
422 1581 484 1646 sie:

246 1681 787 1754 ὧυ-υυμώυ-υ.ἰψυ-

247 1781 385 1890 φθόνον
408 1797 633 1887 ἀμειβόμενον
655 1804 697 1869 τὰ
719 1802 806 1869 καλὰ
828 1804 921 1889 ἔργα.
958 1811 1063 1891 φαντί
1085 1830 1121 1890 γε
1144 1805 1213 1889 μάν

246 2022 333 2093 οὕτω
356 2051 414 2093 κεν
437 2022 534 2113 ἀνδρὶ
557 2033 779 2112 παρμονίμαν

245 2185 267 2195 ..
285 2150 307 2195 L
323 2167 348 2196 υ
366 2167 393 2203 i.
408 2149 431 2196 .'.
445 2165 497 2195 w
512 2185 534 2194 -

247 2250 440 2316 θάλλοισαν
462 2245 682 2333 εὐδαιμονίαν
707 2301 713 2314 .
736 2301 770 2314 ..

160 2371 253 2451 Quod
276 2371 304 2436 si
321 2379 408 2437 reete
423 2371 658 2458 proposuimus,
686 2369 801 2451 elucet,
828 2391 923 2454 quam
942 2371 1042 2436 fallax
1057 2371 1211 2438 indicium
1226 2393 1300 2440 ver-

159 2495 250 2542 suum
274 2474 517 2566 dividendorum
542 2473 584 2540 sit
605 2473 828 2558 interpunctio.

247 2615 296 2694 ιε)
323 2612 350 2677 n
373 2611 450 2676 v111
475 2615 524 2675 ιο.

395 2729 1102 2784 υ---υυι,.ίυ-υ.ὐυ-υυι,ἕ

160 2859 295 2929 Δείνιος
318 2852 442 2918 δισσῶν
465 2851 612 2917 σταδίων
634 2852 691 2914 καὶ
711 2848 842 2937 πατρὸς
858 2855 960 2934 Μέγα
979 2855 1150 2933 Νεμεαῖον
1166 2847 1301 2938 ἄγαλμα

159 2975 279 3040 Versus
302 2972 376 3038 finis
408 2971 598 3039 statuendus
629 2977 679 3037 est
707 2979 780 3057 post
802 2975 915 3055 Μέγα,
949 2971 1048 3036 verbs
1079 2979 1188 3037 autem
1217 2993 1301 3056 quae

160 3085 235 3143 sunt
260 3081 430 3158 Νεμεαῖον
454 3070 588 3159 ἄγαλμα
611 3075 720 3140 versui
743 3074 888 3160 proximo
910 3073 1129 3158 praefigenda,
1160 3075 1246 3159 quod
1268 3075 1301 3139 in

159 3179 305 3245 omnibus
328 3177 439 3262 epodis
462 3177 531 3244 fieri
554 3185 674 3263 potest:

431 3319 462 3363 v·
489 3301 507 3361 6
533 3297 1028 3350 έν--.’.υυι,,.ὐ-υ.’

245 3441 299 3484 επ.
320 3417 349 3483 α’
374 3423 510 3494 Δείνιος
533 3417 658 3482 δισσιῖιν
680 3417 828 3483 σταδίων
849 3417 907 3481 καὶ
929 3413 1060 3503 πατρὸς
1082 3421 1185 3500 Μέγα

246 3520 349 3602 erupi
375 3517 528 3603 αἱμύλων
549 3518 674 3602 μύθων
697 3514 894 3606 ὁμόφοιτος,
921 3517 1135 3608 δολοφραδής

245 3643 302 3688 ενι.
320 3622 348 3708 γ’
372 3621 522 3689 νιόδονον
544 3626 602 3688 καί
623 3645 674 3698 τις
696 3620 850 3705 κάματον
871 3627 990 3708 θῆκεν.
1032 3611 1071 3708 ἦν
1094 3645 1129 3706 γε
1153 3621 1222 3704 μόν

428 3765 460 3808 v¹
487 3747 504 3805 7
529 3742 1083 3794 ω..υυ-Ξ-ὐ--.ὐι,-

245 3887 300 3930 ενι.
320 3866 350 3928 α’
377 3869 549 3946 Νεμεαῖον
573 3858 719 3949 ἄγαλμα.
760 3860 824 3929 σὺν
845 3867 918 3947 θεῷ
940 3859 1003 3947 γάρ
1026 3885 1079 3928 τοι
1101 3868 1287 3949 φονευθείς

245 3965 349 4048 erupi
375 3963 563 4032 κακοποιὸν
586 3961 727 4042 όνειδος,
769 3957 851 4031 διὸ
874 3965 938 4048 μὲν
960 3953 1120 4049 λαμιιρόν
1141 3969 1258 4046 βιᾶται

246 4095 302 4136 ειι.
320 4068 348 4156 γ’
374 4067 558 4152 ἐπικώμιος
581 4063 685 4152 ὕμνος
708 4069 747 4157 δὴ
772 4067 891 4152 πάλαι,
918 4069 975 4133 καλ
997 4068 1081 4155 πρὶν
1102 4073 1266 4152 γενέσθαι

243 4193 294 4258 De
316 4191 539 4258 eonstitutions
561 4189 713 4270 metrica,
743 4210 842 4274 quam
865 4188 1110 4274 supposuimus,
1143 4189 1178 4256 in
1199 4191 1303 4258 altero

156 4295 264 4382 eapite
287 4295 494 4362 disseremus.
