3258 4924
299 633 432 694 stratum
462 630 548 692 esset
576 624 661 690 diem
690 622 779 688 XIII
810 623 918 688 Martii
951 623 1145 709 respondere
1176 623 1439 710 Elaphebolionis

299 730 362 796 diei
383 732 494 815 primo.
541 727 690 794 Ceterum
714 727 769 791 vix
793 748 875 813 opus
893 734 941 792 est
956 747 1087 792 monere
1103 747 1173 792 eem
1190 729 1438 814 inscriptionem,

299 855 394 921 quam
416 833 524 898 attulit
546 831 696 916 Droysen
719 830 761 896 ed
783 832 1035 897 confirmandam
1052 832 1234 917 opinionem
1249 854 1349 916 suem,
1373 857 1437 900 non

234 1007 237 1025 Ι
298 938 457 1024 pertinere
486 935 526 1002 ad
555 935 596 1000 ol.
626 935 694 1016 91‚1
723 963 765 987 =
790 935 904 1013 416l5‚
935 934 990 1002 sed
1021 934 1062 1000 ad
1094 937 1135 1000 ol.
1159 937 1232 1020 91‚2
1256 966 1297 992 =
1320 939 1436 1020 4151143

298 1041 336 1107 oi.
360 1039 469 1105 OIAI
491 1059 520 1105 n.
547 1041 618 1104 183.

403 1145 522 1220 Quaeri
544 1149 652 1228 potest
675 1143 843 1209 contiones
865 1149 973 1208 utrum
998 1143 1177 1209 ordinariae
1200 1165 1240 1208 an
1260 1147 1437 1213 extraordi-

297 1249 405 1315 nariae
428 1248 555 1314 luerint.
601 1247 710 1333 Atque
733 1247 866 1312 alteram
889 1253 993 1312 utrem
1025 1246 1124 1312 inisse
1153 1249 1436 1316 extraordinariam

298 1352 382 1418 credi
417 1351 534 1437 possit,
568 1351 641 1438 quie
672 1372 745 1416 eum
775 1371 986 1436 unaquaeque
1016 1351 1166 1438 prytania
1190 1359 1342 1438 quettuor
1364 1375 1437 1420 oon·

297 1457 402 1522 tiones
425 1455 600 1522 ordinarias
629 1456 776 1522 habuerit
806 1475 924 1540 easque
956 1457 1086 1542 paribus
1115 1457 1293 1523 intervallis
1315 1465 1437 1544 septem

298 1562 348 1625 vel
371 1568 444 1626 outo
468 1560 590 1625 dierum
618 1558 738 1626 distare
761 1581 820 1646 per
850 1561 899 1640 sit,
931 1561 1118 1626 contionum
1150 1561 1289 1646 quinque
1313 1561 1436 1628 dierum

298 1663 466 1730 intervallo
497 1661 726 1749 dirempturum
760 1669 930 1747 utramque
959 1662 1058 1728 luisse
1081 1669 1137 1727 aut
1160 1663 1350 1730 ordinariam
1381 1670 1438 1729 aut

301 1767 584 1833 extraordinariam
609 1769 674 1833 veri
697 1766 800 1832 simile
822 1787 886 1832 nou
918 1771 975 1832 est.
1019 1767 1065 1831 At
1088 1767 1165 1833 eerti
1196 1767 1271 1853 quid
1296 1773 1439 1832 statuere

300 1871 397 1936 nolim
420 1880 553 1958 propter
583 1873 687 1958 ipsum
716 1871 855 1955 quinque
878 1869 1001 1936 dierum
1024 1870 1238 1951 intervallum,
1260 1871 1301 1936 de
1323 1893 1386 1956 quo
1409 1893 1437 1936 v.

297 1973 388 2042 infra.
433 1973 498 2060 (Os.
528 1976 624 2042 etiam
648 1975 813 2039 contiones
843 1973 1065 2040 Demosthene
1088 1983 1222 2060 rogante
1246 1981 1439 2040 oonvoeatas

299 2097 352 2163 pg.
375 2077 443 2159 41.)
479 2076 631 2143 Ceterum
653 2076 774 2141 deereti
798 2075 884 2162 quod
907 2077 938 2139 iu
955 2077 1053 2162 priori
1077 2077 1225 2142 contione
1246 2075 1368 2141 laetum
1391 2084 1439 2144 est

297 2179 475 2265 fragments
497 2186 642 2246 tenemus
668 2179 744 2246 em
762 2179 778 2243 1
802 2182 853 2244 55.

400 2283 493 2350 hlieo
517 2283 682 2348 oontiones
706 2289 924 2348 memorantur
939 2281 1042 2349 Thus.
1063 2281 1079 2346 I
1104 2286 1161 2364 313
1186 2282 1202 2346 Ι
1225 2286 1282 2364 44;
1308 2281 1355 2346 IV
1379 2284 1436 2362 293

297 2386 329 2450 V
351 2389 404 2468 45,
428 2390 484 2468 46;
508 2386 557 2452 VI
580 2388 636 2470 293
660 2385 745 2451 VIII
768 2389 820 2468 67,
845 2388 896 2468 93,
920 2388 970 2452 97.

668 2617 817 2704 Xenoph.
841 2618 928 2685 Hell.
954 2617 968 2681 Ι
993 2622 1069 2684 Iro.

399 2779 583 2847 Alcibiades
606 2783 647 2846 ol.
671 2784 741 2865 ee‚1
770 2811 810 2837 =
834 2784 932 2862 40817
956 2782 1105 2863 redieret,
1128 2803 1201 2846 eum
1218 2781 1435 2848 Athenienses

297 2885 464 2972 Plynteria
480 2884 678 2951 celebrarent
693 2884 726 2969 (I
741 2888 761 2948 4
778 2907 824 2951 12:
846 2883 1046 2951 κατέπλευσεν
1061 2883 1093 2962 ἒς
1116 2881 1169 2950 adv
1185 2889 1316 2969 Πειραιᾶ
1336 2884 1436 2974 ἡμέρᾳ

297 2985 320 3080 ᾗ
345 2985 521 3072 Πλυντήρια
543 2983 618 3072 ἦγεν
639 2987 661 3073 η’
682 2987 791 3072 πόλις).
835 2989 1001 3074 Plynteria
1030 2996 1139 3054 autem
1172 2990 1335 3055 eelebreta
1363 2995 1438 3054 sunt

297 3095 513 3176 Θαργηλιῶνος
542 3091 615 3180 ἕκτῃ
643 3094 808 3177 φθίνοντος
834 3092 935 3175 (Plut.
957 3093 1027 3157 Alo.
1050 3091 1108 3175 34)
1137 3093 1157 3158 i.
1186 3113 1213 3158 e.
1245 3092 1298 3159 die
1319 3090 1437 3156 XXIV

295 3197 366 3279 (aut
387 3193 501 3278 XXV3
525 3193 586 3262 vid.
609 3216 662 3281 pg.
689 3194 754 3279 18).
798 3194 924 3261 Deinde
942 3193 1146 3279 Ἀλκιβιάδης
1161 3195 1196 3260 di
1213 3193 1287 3277 πρός
1304 3193 1360 3280 τήν
1377 3196 1437 3280 γῆν

296 3299 456 3384 ὁρμισθεὶς
479 3296 621 3380 ἀπέβαινε
642 3299 700 3380 μὲν
722 3297 775 3365 ουίι
798 3297 915 3376 εὐθέως
938 3295 1129 3385 φοβούμενος
1151 3297 1223 3376 τούς
1237 3296 1377 3382 ἐχθρούς
1393 3335 1434 3346 —-

298 3440 339 3450 -
362 3439 402 3450 -
427 3397 561 3467 aarrdoiv
592 3401 624 3466 es*
653 3397 889 3482 Εὐρυπτόλεμον
919 3438 960 3449 -
993 3399 1065 3466 τότε
1088 3399 1206 3482 ἀποβάς
1228 3400 1382 3484 ἀναβαίνει
1404 3401 1437 3480 ἐς

296 3502 355 3590 τήν
369 3502 455 3570 πόλιν
470 3539 511 3552 -
528 3537 567 3550 -·
584 3501 618 3568 ἐν
632 3503 666 3568 δὲ
682 3509 723 3591 τῇ
736 3508 835 3592 βουλῇ
856 3505 905 3567 καὶ
926 3510 968 3592 τῇ
988 3501 1134 3591 ἐκκλησίᾳ
1157 3501 1435 3586 ἀπολογησάμενος,

296 3607 338 3686 ὡς
360 3605 414 3672 οὐκ
436 3605 578 3690 ἠσεβήκει
608 3613 667 3672 ete
712 3605 803 3680 Ques
834 3615 974 3672 exeunte
1005 3605 1219 3691 Thargelione
1249 3606 1335 3672 Ieota
1365 3627 1435 3672 esse

295 3709 516 3792 statuendum,
544 3730 616 3775 eum
639 3707 724 3774 haud
747 3710 882 3776 multum
905 3709 1056 3795 temporis
1078 3718 1237 3776 moretum
1261 3732 1347 3790 esse,
1379 3711 1436 3776 sed

295 3815 403 3880 stetim
425 3819 572 3879 senatum
594 3813 814 3900 populumque
836 3813 955 3880 adiisse
977 3811 1178 3878 Alcibiadem
1201 3813 1367 3901 probabile
1382 3815 1435 3880 sit.

293 3919 455 4005 Exempla
476 3915 660 3982 contionum
684 3915 899 4000 Thargelione
922 3921 996 4002 post
1019 3915 1104 3983 diem
1120 3915 1237 3981 XXIV
1252 3916 1434 3982 habitarum

294 4029 370 4090 suut
390 4044 421 4088 n.
444 4023 507 4086 257
531 4019 587 4102 (ol.
613 4023 706 4100 113‚4
729 4047 770 4073 =
794 4021 908 4100 325l43
940 4018 1057 4105 Therg.
1081 4017 1132 4082 die
1154 4017 1287 4102 XXV);
1316 4040 1347 4084 n.
1373 4022 1431 4084 121

295 4154 337 4181 -·-·
358 4125 475 4193 Aeeeh.
498 4123 552 4189 III
575 4126 615 4188 27
647 4123 701 4204 (ol.
727 4123 821 4204 11⁰‚3
851 4149 893 4176 =
921 4123 1036 4204 338l'I3
1066 4121 1163 4203 Θαργ.
1194 4119 1323 4208 δευτέρα
1354 4124 1434 4206 φθί-

294 4233 423 4310 νοντος).
477 4229 592 4314 Itaque
614 4247 728 4312 parum
750 4225 904 4290 edourate
926 4225 958 4289 iu
981 4224 1134 4308 proximis
1156 4223 1357 4311 Xenophon:
1385 4229 1436 4290 καὶ

293 4330 374 4414 puerei
397 4329 450 4397 τὸν
472 4329 644 4396 κατάπλουν
666 4329 759 4416 τρίτῳ
781 4330 857 4412 μηνὶ
880 4325 1006 4412 α’νὴχθη
1028 4324 1075 4392 ἐπ’
1090 4324 1237 4413 ''Avdpom
1266 4327 1435 4394 Profectus
