3248 4928
288 373 330 430 so
724 403 767 412 -
815 368 899 448 jans]
947 403 990 411 -

375 559 404 640 ὁ)
432 557 468 620 Ρ.
492 560 550 620 195
582 546 680 631 οὗτος
710 559 825 621 τοίνυν
856 553 1047 640 ίξορισίίείς
1067 593 1110 602 -
1140 553 1304 642 ἐτίμησαν
1334 577 1440 641 snpm

289 685 321 748 p.
341 665 382 726 52
404 661 545 726 diximus
568 681 586 726 e
609 659 718 725 codiee
740 659 886 726 Parisino
909 663 994 725 2600
1016 659 1172 744 originem
1194 659 1333 726 mucre.

376 767 404 849 6)
433 765 469 829 P.
488 767 551 828 259
575 757 593 850 'i
617 763 653 828 δὲ
678 761 809 848 ἱστορία
833 761 968 849 Κρόνον
988 803 1032 812 -
1054 762 1228 851 ἐτίμησαν.

376 873 405 950 7)
433 869 469 933 Ρ.
489 869 548 932 291
582 867 660 950 περί
690 873 751 932 τοῦ
774 870 926 943 Μίνωος.
958 865 1045 949 μετὰ
1066 875 1174 934 ταῦτα
1195 905 1238 917 --
1268 866 1437 954 ἐκράτησε

290 981 323 1040 et
345 994 377 1058 p,
397 972 460 1037 292
483 971 541 1036 καί
563 971 782 1046 Σικελίας-
806 969 1023 1054 στρατεύσας.
1070 971 1153 1036 Nam
1176 972 1275 1038 verba
1298 970 1352 1036 διὸ
1377 973 1438 1036 καὶ

291 1115 335 1125 -
357 1077 513 1160 λέγουσιν
543 1094 561 1139 c
596 1073 712 1156 ¹[Schol.
739 1073 801 1158 Ap.
827 1075 888 1138 Rh.
915 1075 1042 1158 11516)
1074 1073 1176 1140 Phav.
1206 1078 1287 1140 1263
1316 1095 1437 1160 prove-

291 1186 416 1247 nerunt.
463 1177 591 1259 Reliqui
621 1176 727 1242 fontes
755 1177 873 1263 capitis
899 1185 973 1244 sunt
994 1179 1047 1244 hi:
1088 1183 1210 1254 Μίνως
1231 1217 1275 1226 -
1298 1177 1437 1266 Κρήτκς

291 1291 324 1352 el
345 1281 431 1350 κατὰ
453 1279 514 1370 τὴν
534 1280 750 1364 μυθολογίαν
764 1319 807 1328 -
827 1280 948 1347 πεδίον
970 1283 1104 1348 Nounus
1127 1283 1289 1348 lumilas.
1320 1283 1436 1366 (Creu-

291 1409 356 1454 zer.
381 1409 414 1472 p.
433 1387 483 1468 87)
509 1384 513 1470 l
539 1381 576 1460 ὃς
599 1422 638 1431 -
663 1397 894 1468 σονοικιομοῑς
916 1387 1006 1452 Eust.
1032 1386 1127 1452 Dion.
1147 1389 1220 1452 498.

379 1489 469 1568 Quae
493 1509 564 1554 cum
587 1488 633 1555 ita
654 1489 735 1570 sint,
768 1489 909 1555 codicem
933 1489 1112 1556 Parisinnm
1135 1493 1220 1556 2600
1241 1490 1275 1556 in
1297 1489 1436 1556 fontium

292 1593 454 1660 Eodociae
476 1611 608 1658 numero
630 1591 834 1660 referendum
856 1613 930 1660 esse
952 1611 1080 1660 censeo.

378 1801 396 1884 ξ
419 1803 449 1863 3.
494 1799 652 1878 Quoniam
668 1801 841 1868 CYRIACI
857 1801 1126 1867 ANCONITANI
1145 1801 1338 1868 mentionem
1354 1801 1431 1868 feci.

293 1903 475 1989 argumenti
505 1903 714 1971 similitudine
745 1905 844 1971 ducor
870 1905 914 1970 ad
942 1905 1069 1970 violarii
1097 1927 1128 1990 p,
1148 1909 1342 1986 lon-403,
1377 1907 1435 1972 ubi

293 2010 378 2074 hona
407 2007 551 2072 Endocia
580 2007 749 2092 Cyriacum
779 2007 893 2074 laudnt
921 2009 1157 2076 Anconitanum
1187 2009 1436 2094 »gravissimum

298 2119 459 2178 auctorem
496 2118 528 2176 et
557 2111 632 2176 aliis
667 2111 839 2177 virtutibus
871 2105 1086 2197 praestantem
1120 2112 1300 2179 hominem«
1340 2114 1438 2195 quasi

294 2215 463 2299 aequalem
486 2233 591 2279 suom.
637 2215 751 2300 Neque
773 2214 807 2280 id
823 2215 899 2280 vitio
914 2215 1101 2282 vertendum
1125 2223 1175 2282 est
1197 2215 1346 2296 falsari03
1375 2216 1436 2282 de-

295 2317 423 2403 scripsit
450 2317 552 2400 enim‚
590 2323 624 2383 ut
652 2318 759 2383 omnia
786 2317 844 2383 ille
879 2319 921 2402 (p.
941 2322 1004 2383 402
1034 2313 1086 2383 ὅτι
1118 2315 1175 2383 ἐπὶ
1202 2323 1361 2404 Νέρωνος
1390 2357 1436 2367 -

294 2445 326 2510 p.
354 2425 416 2486 403
440 2415 563 2497 ἀδίκως
585 2415 836 2504 ἀποθανόντος)
864 2421 910 2487 ita
931 2421 1060 2506 Cyriaei
1082 2423 1274 2489 mentionem
1298 2443 1340 2489 ex
1362 2423 1436 2488 eius

294 2527 560 2612 epigrammatum
588 2545 646 2610 per
668 2525 832 2608 Illyricum
863 2533 1059 2610 repertorum
1082 2526 1209 2609 codice,
1241 2525 1282 2592 de
1305 2527 1436 2612 cyriaci

294 2637 400 2696 aetate
429 2649 491 2695 nou
514 2629 620 2694 minus
650 2649 762 2694 secura
784 2649 879 2712 quam
904 2627 945 2694 de
967 2629 1161 2712 reliquorum
1184 2629 1320 2695 fontium
1351 2637 1437 2697 tem·

295 2735 436 2821 poribus.
483 2733 588 2816 Atque
617 2732 657 2812 ii,
691 2731 745 2816 qui
767 2731 893 2797 violarii
924 2740 1085 2798 auctorem
1112 2753 1225 2800 revera
1254 2734 1435 2800 Eudooiam

295 2836 532 2916 existimabant,
559 2835 628 2901 lieri
651 2856 714 2900 uon
736 2835 839 2920 potuit
858 2835 934 2918 quin
958 2836 1062 2901 locum
1084 2837 1175 2902 illum
1197 2837 1436 2921 interpolatoris

295 2959 367 3006 esse
391 2945 576 3004 statuerent.
624 2939 737 3022 Itaque
760 2937 858 3003 Flach
882 2959 914 3022 p.
936 2943 993 3002 154
1012 2958 1060 3024 sq.
1085 2939 1187 3005 multa
1216 2940 1256 3006 de
1287 2940 1435 3007 codicum

296 3042 458 3108 lludociae
481 3041 557 3108 latis
587 3041 662 3108 inde
685 3041 802 3107 lucrari
828 3062 888 3106 nos
911 3061 1007 3127 posse
1029 3043 1188 3128 opinatur.
1236 3043 1315 3108 Mihi
1338 3064 1436 3112 secus

295 3147 431 3212 videtur.

382 3251 548 3334 leguntur
562 3249 661 3332 igitur
675 3248 801 3330 eadem,
820 3271 903 3333 quae
916 3249 1056 3316 Eudocia
1071 3250 1170 3316 habet
1180 3272 1213 3336 p.
1232 3256 1290 3314 llll
1307 3247 1361 3316 ὅτι
1376 3251 1436 3318 ἐπὶ

302 3359 458 3440 Νίρωνος
472 3391 515 3402 -
531 3377 562 3440 p.
582 3359 643 3416 lot
660 3349 784 3430 ἀδίκως
801 3347 1043 3430 ἀποθανόντος
1058 3353 1154 3420 etiam
1170 3355 1203 3420 in
1219 3355 1349 3440 (lysiaci
1365 3359 1438 3442 epi-

295 3465 506 3542 grammatum
525 3477 580 3543 per
596 3457 758 3542 Illyricum
775 3465 970 3542 repertorum
987 3456 1136 3540 editione,
1163 3479 1258 3542 quam
1275 3459 1360 3524 circa
1374 3481 1438 3526 an-

295 3584 369 3628 nom
391 3567 470 3626 lodo
486 3564 606 3626 llomae
623 3582 699 3626 cura
714 3560 820 3627 Caroli
838 3561 970 3626 llouonii
993 3561 1150 3646 prodiisse
1172 3569 1282 3628 auctor
1304 3569 1354 3629 est
1369 3565 1434 3630 Th.

295 3668 473 3732 Mommsen
485 3666 521 3732 C.
539 3666 564 3730 1.
580 3667 615 3730 L.
632 3665 680 3730 111
696 3671 722 3746 1,
736 3668 789 3728 93.
815 3665 893 3730 Eius
904 3665 1002 3748 igitur
1014 3665 1086 3730 libri
1098 3665 1359 3750 p.XXXXllnr.
1372 3671 1437 3731 too

296 3779 423 3858 praeter
445 3771 511 3836 alia
533 3769 691 3852 quaedam
714 3789 754 3834 ea
777 3769 937 3852 leguntur,
971 3789 1054 3852 quae
1083 3789 1181 3854 supra
1209 3769 1287 3834 dixi.
1335 3771 1439 3837 Addit

296 3883 404 3941 autem
428 3874 570 3940 Eudocia
593 3874 690 3939 sorba
719 3877 864 3950 Δίκτυος
893 3879 954 3938 τοῦ
979 3871 1108 3960 Κρητὸς
1138 3879 1213 3939 ante
1238 3867 1374 3939 Ὁὸίτοα
1403 3883 1438 3940 et

296 3979 523 4066 μολιβόίνρ
548 3976 676 4064 λάρναξ
706 3977 923 4063 proiectione
946 3977 1074 4062 Gyriaoi
1103 4001 1167 4052 τις
1189 3975 1318 4060 λάρναξ
1347 3979 1439 4062 ponit

218 4085 220 4090 ’
296 4105 314 4150 e
337 4085 447 4168 glossa
476 4083 638 4168 superiore
671 4081 712 4147 do
735 4081 849 4166 Dictye
881 4082 1031 4147 ecodioo
1055 4083 1126 4146 Par.
1147 4084 1230 4146 2600
1258 4080 1434 4166 descripta,

296 4195 362 4254 tum
380 4185 414 4263 ίς
433 4179 665 4273 Ῥωμαϊκὴν
681 4181 880 4272 συγγραφὴν
894 4185 992 4266 Eud,
1019 4183 1067 4262 είς
1087 4179 1293 4272 Ἰταλικὴν
1316 4207 1435 4270 συγγρ.

298 4291 470 4378 Cyriacus;
504 4289 561 4356 καί
584 4286 814 4378 Παλαμήδους
843 4281 887 4366 ὡς
918 4282 1040 4369 ἀδίκως
1071 4283 1312 4368 ἀποθανόντος
1341 4309 1440 4356 voces
