3276 4932
662 414 877 476 ,73-

200 601 297 668 oertis
319 601 372 668 dei
394 605 537 684 ostentis,
563 601 678 667 sedda
700 602 778 667 solis
800 599 901 668 radiis
922 601 1127 686 cogitandum
1150 609 1201 670 est
1222 604 1338 686 quibus

201 703 341 790 aspectis
364 705 461 772 deum
483 706 600 771 adesse
615 711 712 790 poeta
727 705 857 772 sentiat.
880 743 924 754 -
946 707 985 772 V.
1004 713 1023 772 5
1040 699 1219 793 ἀλλότριον
1234 705 1338 790 ἐμαυ-

200 805 262 874 τὸν
277 805 491 896 ἐποιησάμην
504 813 624 885 κακίας
646 829 703 893 pro
720 807 860 896 ἐγκρατῆ
878 807 930 891 tp.
949 807 1005 874 a’rr.
1024 810 1076 876 vol
1096 804 1339 897 ἀπεστησάμην

201 915 320 988 κακίας
342 911 462 977 dietum
478 919 565 978 uerte
587 911 708 978 homini
729 912 865 978 barbaro
888 913 1032 979 debetur.
1073 914 1125 979 Ad
1145 913 1338 980 senteutiam

201 1035 253 1080 vv.
276 1019 326 1080 11.
348 1019 386 1080 12
410 1015 622 1082 conferendus
638 1017 772 1082 Nounus
789 1016 883 1082 Dion.
906 1020 954 1099 17,
978 1019 1038 1082 271
1064 1018 1119 1083 ubi
1135 1018 1191 1084 Sol
1214 1018 1339 1104 φλογε-

201 1131 274 1204 poto
291 1113 337 1184 δι’
352 1113 502 1204 ἅρματος
517 1119 644 1205 αἰθέρα
659 1125 791 1202 τέμνων
805 1121 999 1205 appellatur.
1029 1121 1176 1188 Ceterum
1188 1141 1337 1187 versuum

205 1227 328 1287 12-14
352 1223 508 1307 reliquiae
529 1245 593 1290 non
616 1225 695 1290 satis
712 1225 953 1308 intelleguntur,
972 1226 1160 1310 praesertim
1177 1245 1247 1292 oum
1264 1245 1338 1290 sen-

201 1325 302 1392 tentia
316 1325 466 1393 incohata
480 1349 511 1390 v.
533 1332 570 1390 lt
588 1327 692 1393 subito
706 1328 924 1412 abrumpatur.

750 1600 785 1670 0.

288 1774 425 1858 Lepsios
440 1773 484 1839 Vl
501 1773 567 1839 tab.
587 1777 626 1838 97
645 1775 701 1839 (ir.
720 1779 793 1839 455.

150 1967 491 2038 otrttttottofotstititosu
502 1967 524 2028 λ
536 1977 560 2028 e
574 1979 595 2026 e
607 1979 629 2027 c
641 1981 666 2028 a
678 1967 731 2028 tr
744 1968 764 2027 t
777 1982 800 2028 u
812 1969 831 2027 u
841 1979 846 2027 ι
857 1979 906 2029 so
921 1979 940 2028 u
956 1969 976 2028 t
990 1981 1010 2028 Ν
1025 1969 1081 2028 tr
1093 1971 1153 2030 ολ
1168 1969 1219 2028 tc

150 2047 1380 2124 uoroomojtercroscoscaaouuoauorecoemsuperaremus

149 2136 1348 2202 utrexouaomruamsperaraseuotceersoseustorio

152 2222 1268 2287 surosrouutsreuoursstecuorastuturmsstcrtet

151 2309 1387 2374 troututsroratromorouerrrxecrtrouatourusatroreoruros
1429 2343 1443 2382 a

153 2392 1194 2461 auoasrocoustomrcammrosreruurmumarrceorraruo

150 2483 999 2560 τὰοααγγγγγγγγγωωειΡὰααειωακαοκιοιεοο

204 2668 364 2752 &ethiope
380 2663 571 2753 Ἀπολλων,
591 2659 696 2758 ἦλθες
712 2669 798 2736 κατὰ
813 2665 933 2759 καιρὸν
949 2667 1117 2750 ἀνατολὰς

202 2769 432 2856 ποια[ύμενος]
463 2772 512 2850 εἰς
534 2769 594 2838 τὸν
616 2770 678 2839 σὸν
701 2772 820 2862 σηκὸν,
856 2771 1084 2859 officiamus,
1120 2781 1168 2860 σῷ
1190 2773 1246 2838 καὶ
1267 2778 1340 2858 ναῷ

615 2876 784 2960 έμπνοιαν

203 2987 364 3068 παρέχεον
378 2983 433 3046 καὶ
450 2979 594 3064 δύναμιν
608 2980 767 3070 μεγάλην·
794 2983 882 3049 ἔνθα
898 3007 935 3050 σε
952 2982 1067 3068 ἔγνων,
1089 2983 1279 3064 Μανδοῦλι,

91 3089 94 3098 ’
203 3079 297 3173 ἥλιον
313 3081 372 3152 τὸν
387 3081 635 3172 παντεπόπτην
651 3083 830 3174 δεσπότην,
851 3081 1014 3154 ἁπάντων
1028 3088 1182 3170 βασιλέα,

204 3187 309 3255 αἰῶνα
327 3183 605 3276 παντακράτορα·
628 3177 654 3252 ὦ
675 3195 741 3255 τῶν
755 3183 1006 3272 εὐτυχεστάτων
1028 3192 1117 3255 λαῶν
1140 3197 1205 3254 τῶν
1227 3213 1341 3254 καται-

616 3289 776 3374 κούντων,

204 3394 245 3482 ἣν
257 3389 274 3460 ὁ
288 3389 380 3482 ἥλιος
394 3395 593 3472 Μανδοῦλις
606 3389 733 3481 ἀγαπᾷ,
750 3391 810 3482 τὴν
823 3393 917 3482 ἱερὰν
928 3393 1068 3478 Τάλμιν,
1084 3391 1157 3484 ἥτις
1169 3395 1261 3463 ἐστὶν
1271 3390 1340 3464 ὑπὸ

204 3495 245 3563 τὰ
261 3503 432 3584 σκᾶΙπτρα
449 3506 506 3586 τῆς
521 3493 713 3585 εὐε]θεέρας
727 3495 947 3584 μαριωνύμοα
955 3493 1087 3576 Ἴσιδος.

291 3689 410 3773 Hymni
426 3696 535 3755 auctor
549 3691 678 3773 ignotus
693 3689 872 3774 peritiorem
889 3707 924 3754 se
939 3689 1088 3772 praebuit
1103 3690 1233 3774 liuguae
1248 3709 1341 3773 grae-

205 3813 263 3858 oae
278 3813 373 3875 quam
390 3793 559 3878 populares
575 3811 655 3875 quos
671 3789 769 3876 supra
784 3791 1001 3874 eognovimus.
1021 3793 1059 3857 V.
1071 3796 1089 3854 Ἰ
1103 3800 1210 3859 tamen
1226 3794 1341 3859 obseu-

204 3896 270 3962 rius
286 3903 335 3962 est
349 3895 426 3979 quid
442 3902 537 3981 poeta
559 3895 703 3960 voluerit.
741 3895 822 3960 Cum
845 3894 1004 3960 sententia
1026 3895 1223 3979 exprimatur
1245 3897 1341 3962 deum

205 3999 260 4064 ubi
275 4005 362 4064 ortus
378 3999 420 4064 sit
434 3998 467 4063 in
483 3999 599 4064 oollam
615 4017 706 4064 suam
725 3997 862 4083 prodire,
889 4016 967 4063 vooe
983 3992 1136 4062 iodrum
1151 3998 1342 4084 interposita

205 4103 282 4169 addi
304 4102 452 4168 videntur
473 4103 573 4170 verba
595 4109 644 4188 σῷ
657 4103 715 4168 καὶ
735 4109 807 4188 ναῷ
822 4123 863 4169 ex
879 4100 1048 4186 έμπνοιαν
1069 4107 1230 4188 παρέχων
1245 4109 1338 4189 apte:

206 4228 399 4292 quamquam
415 4207 511 4274 lectio
527 4207 599 4293 ipsa
613 4225 676 4274 nou
699 4206 778 4273 satis
800 4215 887 4273 torta
908 4211 967 4271 est.
1009 4199 1176 4289 Ἔμπνοια
1198 4206 1241 4272 ad
1262 4226 1342 4272 veu-

208 4317 273 4375 tum
297 4311 486 4376 matutinum
509 4311 656 4397 pertinet.
690 4311 854 4391 Quomodo
869 4317 975 4378 autem
993 4311 1091 4376 verba
1111 4331 1141 4376 v.
1162 4313 1180 4374 3
1199 4307 1287 4374 ἔνθα
1305 4331 1341 4375 σε
