3274 4934
778 397 970 458 „6-

302 602 374 647 cum
397 580 520 648 litteras
541 582 588 647 ita
609 581 827 666 distribueret,
857 589 892 649 ut
914 583 1010 650 binae
1034 583 1191 668 quadrato
1217 603 1319 649 vacuo
1341 583 1440 648 inter-

301 685 406 772 posito
431 685 669 768 dirimerentur,
701 686 823 768 effecit,
855 693 979 752 utnon
1005 688 1108 753 solum
1134 686 1188 770 qui
1214 687 1438 770 quadratorum

302 790 417 856 seriem
439 789 592 856 directam
614 795 647 855 et
668 789 834 872 libratam,
861 790 919 857 sed
942 790 1039 857 etiam
1061 792 1115 874 qni
1138 790 1341 874 diagonalem
1364 811 1440 877 per-

301 899 451 976 curreret,
470 894 626 960 verba-
640 929 683 940 —
702 892 897 982 Θεοδώρηος
913 887 932 981 ἡ
949 898 1046 981 τέχνη
1063 895 1194 978 legeret.

388 997 456 1062 Iam
473 996 571 1062 verba
584 1003 715 1064 neutrae
726 998 856 1064 tabulae
868 997 1024 1082 inscripta
1032 991 1175 1084 Ὀσίριδι
1186 1001 1354 1080 Μοσχίων
1367 991 1440 1082 ὑγι-

303 1101 424 1176 ασθεὶς
439 1097 499 1166 τὸν
514 1096 606 1166 πόδα
623 1099 786 1186 ἰατρείαις
797 1100 990 1186 exprimunt,
1005 1100 1082 1185 quid
1094 1107 1203 1167 auctor
1213 1099 1333 1184 alioqui
1344 1100 1439 1184 igno-

301 1211 353 1270 tus
374 1203 466 1269 titulo
489 1203 593 1288 posito
615 1205 760 1271 voluerit.
801 1204 928 1270 'Pabula
947 1205 1032 1270 euim
1054 1223 1227 1289 exgenere
1243 1223 1352 1269 earum
1375 1212 1434 1286 est,

301 1328 384 1392 quae
414 1307 484 1373 deis
512 1308 555 1373 ab
582 1307 764 1374 bominibus
791 1328 832 1374 ex
860 1307 943 1374 rotis
966 1307 1188 1374 offerebantur.
1241 1307 1344 1386 Quam
1371 1329 1438 1374 rem

301 1413 465 1478 illustrant
485 1410 570 1488 tituli
591 1410 640 1475 illi
662 1410 912 1478 innumerabiles
926 1410 968 1476 'in
986 1411 1115 1496 templis
1131 1411 1316 1496 Aesculapii
1337 1431 1439 1494 quou-

243 1571 247 1582 .
302 1515 376 1580 darn
398 1513 550 1580 dedicati.
564 1515 585 1598 ¹)
627 1513 780 1581 Similiter
794 1515 936 1581 Moacbio
956 1535 1028 1580 oum
1044 1513 1157 1599 pedem
1173 1515 1390 1582 medicina-
1405 1514 1438 1580 iu

301 1637 379 1685 voce
401 1615 565 1702 ὶατρείαις
585 1617 745 1684 notandus
767 1618 904 1702 pluralis
929 1616 1078 1684 insolitus
1100 1618 1133 1684 in
1156 1618 1282 1685 artificii
1302 1619 1438 1702 gratim

266 1711 269 1720 ⁴
301 1721 491 1804 adhibitusb
510 1759 553 1768 -
569 1741 682 1787 sanum
698 1719 901 1804 reddidisset,
921 1720 1040 1787 Osiridi
1055 1721 1144 1787 hisce
1159 1722 1303 1790 artificiis
1318 1721 1440 1806 gratias

302 1826 384 1910 egit;
414 1825 582 1910 ipsamque
603 1823 745 1890 tabulam
767 1823 802 1888 in
824 1823 943 1908 templo
965 1824 1073 1907 aliquo
1094 1825 1232 1892 Osiridis
1255 1826 1437 1892 dedicatam

302 1948 374 1996 esse
389 1935 638 1996 consentaneum
655 1933 714 1993 est.
755 1926 873 1994 Osiridi
895 1933 1002 1993 autem
1022 1927 1166 1994 hocloco
1183 1949 1242 1996 eae
1257 1937 1365 2015 partes
1380 1929 1439 1995 tri-

301 2033 450 2113 buuntur,
468 2031 583 2116 quibus
598 2031 685 2116 apud
700 2030 878 2115 Aegyptios
893 2031 1038 2117 Imhotep
1054 2032 1179 2116 densi),
1197 2034 1285 2118 apud
1297 2033 1439 2100 Graecos

302 2135 497 2219 antiquiores
508 2134 729 2220 Aesculapius,
748 2133 940 2220 posteriores
952 2133 1084 2219 Serapis
1093 2140 1115 2220 ⁴)
1139 2135 1171 2220 [i.
1183 2135 1434 2221 eOsiris-Apis]

303 2239 532 2322 fungebantur.

390 2341 538 2408 (letarum
554 2361 625 2406 cum
642 2345 802 2406 auotorem
817 2340 919 2426 ipsius
931 2341 1023 2408 abaci
1038 2341 1172 2408 artificio
1184 2349 1292 2408 votum
1305 2343 1440 2410 solvisse

302 2452 435 2518 constet,
454 2466 517 2511 non
534 2451 584 2510 est
598 2464 653 2509 our
667 2443 700 2509 in
716 2443 834 2529 lepidis
849 2452 939 2529 parte
954 2445 1123 2530 deperdita
1139 2445 1264 2512 titulum
1277 2447 1439 2514 exstitisse

302 2567 465 2616 sumamus
487 2569 550 2633 quo
570 2547 656 2613 idern
681 2546 830 2613 disertius
846 2548 1041 2614 declaratum
1057 2549 1163 2616 luerit.
1199 2551 1327 2616 'l'abula
1341 2551 1441 2634 igitur

302 2660 359 2718 aut
369 2651 507 2736 simplici
520 2657 804 2740 aetomateomata
814 2651 915 2716 inisse
925 2658 982 2717 aut
993 2653 1192 2719 semicirculo
1204 2673 1301 2738 snpra
1311 2654 1438 2722 adiecto

301 2756 441 2822 auctoris
456 2753 576 2821 Osiridi
598 2752 806 2820 sacrificantis
822 2753 995 2838 imaginem
1012 2757 1196 2823 exhibuisse
1217 2757 1360 2842 putanda
1375 2765 1436 2824 est.

387 2859 425 2923 In
441 2857 669 2942 componendis
682 2877 758 2924 vero
774 2857 1015 2941 epigrammatis
1031 2859 1143 2925 subtus
1158 2860 1284 2945 scriptis
1295 2859 1440 2927 Moscbio

302 2961 415 3028 eodem
444 2960 566 3045 ingenii
596 2960 742 3027 acumine
773 2959 901 3027 adiutus
933 2967 997 3032 est,
1026 2981 1089 3044 quo
1115 2983 1222 3028 aream
1248 2965 1435 3030 construxit.

302 3066 385 3131 Nam
402 3071 626 3150 praeterquam
648 3063 733 3148 quod
754 3083 811 3130 suo
830 3063 978 3147 quodque
993 3085 1122 3131 carmen
1137 3073 1236 3132 metro
1252 3075 1438 3153 conceptum

302 3175 362 3251 est,
381 3189 465 3235 nova
479 3167 616 3234 artificia
631 3166 758 3233 addidit
771 3174 867 3251 atque
882 3167 1006 3234 curioso
1017 3167 1145 3235 dicendi
1158 3189 1276 3254 genere
1288 3172 1437 3236 lectorem

302 3272 452 3339 delectat.
485 3271 600 3338 Omnia
619 3277 726 3338 autem
747 3271 888 3336 carmina
908 3270 951 3336 ad
969 3271 1113 3338 tabulam
1136 3274 1321 3358 respiciunt.
1355 3275 1437 3340 Nam

303 3395 376 3443 oum
391 3375 516 3441 duobus
531 3373 690 3460 prioribus
705 3374 816 3440 lectori
831 3374 885 3440 via
906 3374 1098 3459 aenigmatis
1114 3376 1259 3442 solvendi
1274 3377 1437 3444 describa-

301 3488 363 3558 tur,
387 3485 547 3563 postremo
562 3477 616 3543 dei
631 3475 762 3542 doneno
777 3485 908 3561 accepto
930 3497 1117 3562 responsum
1133 3487 1314 3564 occupatur.
1347 3481 1434 3559 Quae

302 3603 354 3650 res
377 3589 412 3648 ut
432 3588 598 3667 appareat,
622 3581 686 3646 iam
704 3580 831 3664 singula
845 3581 987 3646 carmina
1008 3583 1198 3668 transcripta
1211 3583 1435 3668 interpretabi-

302 3707 386 3766 mur;
419 3693 486 3752 tum
509 3684 587 3770 qnid
607 3683 647 3748 de
667 3683 777 3750 metris
799 3684 904 3769 deque
925 3691 1031 3752 aetate
1052 3685 1136 3751 tituli
1153 3685 1358 3754 iudicandum
1384 3687 1433 3764 sit,

302 3791 441 3857 breviter
455 3789 642 3855 reseremus.

374 3981 391 4042 ¹)
413 3994 440 4032 v.
456 3978 592 4047 bottiger,
608 3977 708 4031 Kleinc
722 3977 860 4050 Schriften
873 3977 886 4030 1
898 3993 924 4046 p.
943 3981 999 4031 121.

372 4065 391 4130 ²)
407 4063 492 4118 Aliud
506 4071 550 4118 est
561 4063 593 4119 O.
602 4061 663 4117 Lu.
676 4061 758 4117 vles
773 4063 854 4117 Felix
861 4063 985 4134 publicus
996 4096 1030 4106 -
1043 4066 1164 4137 biacfioto
1176 4067 1309 4122 mauce
1323 4071 1370 4129 (sc.
1382 4067 1438 4122 Bo-

305 4167 357 4207 uae
370 4150 454 4214 Deae)
470 4150 607 4204 medicinis
618 4153 728 4204 conober
741 4165 765 4204 e.
781 4165 807 4219 q.
823 4167 846 4205 s.

371 4236 390 4302 ³)
406 4233 441 4291 ef.
454 4236 623 4301 Willrlnson‚
638 4237 771 4290 Mcnmre
782 4237 838 4290 aad
852 4242 964 4290 costuma
975 4237 1009 4305 ο]
1017 4239 1060 4291 tlte
1073 4257 1131 4292 ono.
1148 4239 1302 4310 Egyptians
1315 4240 1342 4294 11
1354 4255 1380 4308 p.
1392 4243 1436 4292 5³.

370 4324 390 4390 ⁴)
411 4322 445 4379 ol.
461 4321 494 4377 Ε.
509 4323 593 4390 Pleu,
608 4323 642 4377 de
655 4321 799 4393 Serapide.
825 4323 985 4393 Regimouti
998 4323 1042 4378 Pr.
1062 4326 1136 4390 1868,
1150 4343 1177 4395 p.
1193 4327 1223 4376 31
1239 4341 1280 4396 sq.
