3238 4930
301 447 339 506 14
824 442 914 525 [aasz]

300 635 384 700 licet.
429 633 545 721 Neque
569 635 707 699 enimin
737 636 800 698 fine
829 637 957 700 demum
982 638 1067 701 tertii
1092 637 1171 709 libri,
1194 637 1248 702 sed
1272 638 1334 700 iam
1356 645 1432 700 ante

187 781 195 794 ·
301 745 478 802 extremum
502 739 617 802 librom
642 741 771 803 tertium
796 741 884 803 illum
909 739 1066 818 codicem,
1089 741 1174 804 unde
1198 743 1262 804 AB
1288 740 1432 804 codicum

299 842 494 926 archetypus
519 842 697 926 descriptus
721 851 779 921 est,
807 843 961 909 defecisse
985 853 1174 930 partemque
1196 853 1367 908 extremam
1390 867 1432 908 ex

298 945 360 1009 alio
385 947 515 1010 codice¹
541 946 721 1031 suppletam
746 970 815 1011 csse
838 948 931 1014 facile
954 949 1066 1032 aliquis
1090 948 1267 1013 concludat.
1307 947 1433 1010 Etenim

300 1052 455 1135 exceptio¹
475 1050 707 1114 carminibusl
740 1055 753 1114 l
785 1051 996 1136 (pragmatica
1023 1056 1066 1130 Β)
1097 1060 1130 1116 ct
1151 1051 1228 1116 112
1263 1052 1434 1132 (encomia-

299 1154 377 1218 stice
402 1153 482 1238 AB)
517 1157 576 1219 sub
599 1157 694 1218 finem
718 1157 844 1219 demum
865 1157 949 1220 tertii
979 1157 1050 1220 libri
1075 1162 1138 1220 AB
1169 1158 1249 1222 tales
1277 1157 1433 1240 inscripti·

301 1281 378 1324 oues
401 1260 554 1324 exhibere
578 1262 733 1345 incipiunt
756 1261 822 1351 (ΙΙΙ
847 1262 896 1325 25.
920 1264 1076 1342 27-29);
1107 1271 1203 1347 atque
1232 1263 1336 1326 statim
1360 1269 1433 1346 post

300 1383 426 1426 carmen
451 1363 503 1426 ΙΙΙ
528 1367 569 1427 30
594 1369 627 1426 Α
649 1365 786 1427 eundem
809 1364 898 1428 addit
922 1387 1017 1450 qucm
1045 1367 1097 1429 alii
1129 1367 1197 1430 iibri
1229 1371 1433 1449 conspectum

299 1466 527 1530 vocabulorum
551 1469 810 1550 graecanicorum
835 1490 904 1532 curu
929 1470 1143 1554 explicatione
1167 1471 1277 1533 latina:
1301 1469 1331 1531 in
1357 1468 1434 1530 Bis

299 1589 450 1632 recensus
473 1571 639 1634 omittitur.
664 1592 727 1655 quo
752 1573 782 1634 in
808 1572 916 1636 codice
937 1575 1064 1636 omnino
1089 1575 1229 1636 carmina
1250 1592 1351 1656 neque
1368 1592 1433 1634 om·

300 1672 353 1734 nia
375 1673 526 1757 leguntur
551 1685 582 1739 et
607 1677 684 1740 ordo
709 1677 883 1738 carminum
908 1685 1047 1740 mutatus
1071 1685 1129 1742 est.
1168 1677 1281 1760 ltaque
1304 1675 1371 1740 veri
1393 1676 1435 1738 si·

300 1777 464 1841 millimum
481 1779 606 1843 videtur
622 1782 652 1842 iu
677 1779 757 1844 libro
775 1780 839 1858 illo,
856 1800 951 1862 quem
967 1791 1080 1844 auctor
1103 1779 1267 1862 archetypi
1292 1777 1433 1840 codicum

302 1883 366 1942 ΑΒ
378 1883 600 1966 transscripsit,
623 1904 726 1967 neque
751 1882 892 1966 epitheta
908 1885 1097 1967 graecanica
1113 1883 1219 1945 addita
1234 1883 1330 1945 fuisse
1347 1881 1435 1962 (rara

301 1984 383 2046 enim
408 1984 554 2070 exempla
580 1983 593 2045 l
618 1989 632 2047 Ι
658 1993 691 2049 et
715 1985 749 2048 ΙΙ
772 1988 792 2047 2
814 1971 888 2050 casu
905 1989 1005 2069 magis
1021 1988 1088 2049 sive
1104 1993 1231 2048 servata
1245 1985 1310 2048 sive
1326 2005 1365 2048 ex
1390 1983 1435 2044 al-

301 2094 369 2148 tero
394 2089 569 2172 exemplari
585 2088 706 2152 intrusa
729 2111 790 2152 uon
808 2089 901 2172 curo)
920 2099 950 2153 ct
967 2090 1109 2153 ultimam
1125 2097 1248 2172 partem
1264 2087 1347 2150 tertii
1363 2085 1435 2148 libri

302 2189 390 2270 (inde
414 2213 433 2252 a
455 2192 592 2254 carmine
616 2191 683 2256 lere
707 2193 857 2256 vicesimo
883 2193 1009 2278 quinto)
1033 2193 1197 2258 defecisse.

403 2397 579 2462 Videamus
602 2421 709 2486 porro,
732 2400 838 2484 quoad
862 2399 976 2486 singuli
1000 2400 1124 2464 codices
1156 2400 1186 2464 in
1219 2398 1303 2462 libris
1333 2396 1435 2459 trihus

300 2500 458 2584 prioribus
482 2503 565 2566 inter
588 2526 622 2566 se
645 2513 700 2567 aut
724 2505 925 2568 consentient
947 2511 1002 2568 ant
1026 2503 1220 2568 dissentiant.

409 2609 442 2674 ll
467 2604 547 2669 Cum
571 2606 732 2671 codicibus
753 2612 814 2672 AB
837 2609 876 2673 de
901 2609 1015 2694 quibus
1039 2608 1134 2672 modo
1151 2607 1287 2671 vidimus
1304 2625 1365 2668 non
1382 2625 1435 2668 co·

300 2707 412 2771 haeret
431 2707 463 2770 F
480 2709 581 2772 codex
604 2711 797 2796 archetypus
817 2714 960 2776 codicum
983 2721 1056 2797 pet
1074 2733 1118 2788 ur:
1137 2733 1230 2796 quem
1249 2709 1386 2774 codicem
1404 2709 1435 2772 in

301 2810 402 2874 tribus
425 2813 583 2894 prioribus
607 2815 694 2878 libris
718 2817 903 2900 plerumque
926 2818 1114 2881 instructum
1138 2837 1207 2880 esse
1238 2815 1343 2880 verbis
1374 2813 1435 2876 illis

302 2914 504 2996 graecanieis,
517 2937 623 2980 carere
637 2917 704 2980 fere
718 2920 747 2981 in
762 2927 873 3003 quarto
888 2920 968 2984 libro
985 2921 1046 2983 iam
1063 2941 1159 3003 supra
1178 2918 1294 2982 monui.
1317 2916 1432 2980 Paucis

303 3025 410 3082 autem
426 3020 513 3102 locis,
537 3021 591 3084 ubi
615 3031 647 3086 et
666 3026 728 3086 AB
745 3034 777 3086 ct
793 3023 827 3087 F
838 3025 1074 3108 inscriptionem
1093 3026 1247 3088 Graecam
1271 3020 1432 3101 exhibent,

302 3123 384 3187 inter
406 3147 440 3187 se
464 3124 644 3209 discrepant
667 3125 762 3204 (112.
788 3127 838 3191 ΙΙΙ
857 3129 1008 3208 27-29).
1046 3127 1194 3191 Codicem
1212 3125 1245 3190 F
1258 3127 1290 3189 in
1311 3124 1433 3208 epithe-

304 3227 345 3289 tis
370 3229 563 3310 graecanicis
599 3240 780 3295 constanter
810 3231 954 3316 sequitur
991 3233 1091 3295 codex
1125 3238 1151 3312 λ,
1181 3231 1241 3294 nisi
1269 3227 1353 3314 quod
1384 3227 1433 3290 bis

303 3328 424 3408 (1119.
450 3334 504 3398 22)
528 3333 731 3419 inscriptione
757 3336 880 3401 Graeca
905 3339 1033 3400 omnino
1056 3335 1174 3399 caret.²
1212 3333 1301 3398 Idem
1324 3339 1434 3395 autem

303 3435 381 3498 aad
407 3437 500 3500 linem
524 3439 609 3502 tertii
633 3439 702 3502 libri
728 3441 864 3504 eundem
888 3441 1101 3523 epithetorum
1126 3440 1251 3503 illorum
1267 3456 1435 3503 recensum

304 3539 435 3604 exhibet
459 3561 552 3626 quem
576 3543 794 3625 praeteream
818 3565 882 3608 uno
906 3545 1014 3608 codice
1042 3545 1072 3606 A
1106 3543 1293 3605 invenimus.
1339 3537 1434 3612 Quod

303 3665 366 3706 non
384 3642 512 3707 difficile
525 3652 573 3708 est
588 3645 627 3708 ed
647 3646 880 3730 explicandum.
898 3646 978 3709 Nam
996 3648 1028 3710 in
1044 3653 1157 3730 quarto
1174 3643 1264 3724 libro,
1279 3643 1332 3706 ubi
1349 3641 1435 3704 codi-

304 3766 373 3809 cem
389 3745 422 3809 F
435 3747 539 3810 verbis
555 3749 615 3812 illis
633 3771 696 3814 uno
712 3751 783 3814 loco
800 3759 936 3834 excepto
963 3771 1070 3815 carere
1094 3749 1168 3828 dixi,
1192 3755 1208 3810 λ
1232 3767 1303 3811 cum
1326 3745 1357 3809 in
1385 3766 1436 3808 oe·

303 3848 377 3911 teris
389 3849 477 3913 illum
493 3858 654 3935 sequatur,
671 3859 776 3916 tamen
792 3855 919 3917 notulas
932 3853 1134 3936 graecanicae
1152 3849 1279 3916 easdem
1292 3855 1387 3932 atque
1403 3851 1437 3909 A

409 4127 417 4162 ¹
437 4128 477 4178 De
502 4131 552 4179 hoa
570 4127 673 4188 codiee,
699 4129 790 4197 quiet
815 4129 872 4195 ipsc
892 4134 950 4181 tres
969 4129 1055 4180 libros
1073 4128 1202 4178 habuisse
1224 4125 1341 4188 videtur,
1364 4121 1438 4173 intra

306 4209 492 4264 disserendum
512 4215 571 4264 crit.

408 4297 505 4350 ²Norn
526 4299 552 4350 in
573 4301 702 4352 carminis
721 4301 783 4353 116
802 4301 981 4368 inscriptione
1001 4305 1066 4351 nota
1089 4301 1192 4350 codicis
1217 4303 1229 4350 l
1255 4295 1327 4362 apud
1347 4295 1438 4346 Kelle-

304 4400 363 4435 rum
383 4399 476 4435 errore
495 4384 553 4435 aire
572 4384 685 4436 editoris
704 4387 762 4437 sire
781 4385 947 4453 typographi
967 4391 1028 4452 post
1046 4386 1074 4436 F
1089 4385 1222 4438 excidisse
1241 4380 1357 4434 ridetur.
