3266 4926
292 413 331 472 n
727 449 770 458 -
817 413 902 495 [εστι
950 449 991 458 -

379 601 416 665 P.
442 605 483 664 56
507 601 587 686 περὶ
603 594 795 683 Ἀμμωνίου
817 608 878 666 τοῦ
900 602 956 665 καί
972 595 1203 684 Ἀλεξάνδρου,
1241 600 1332 666 Duae
1355 599 1433 664 Sui-

293 705 355 770 dae
378 705 508 788 glossae
525 699 712 788 Ἀμμώνιος
736 701 928 792 ηιιλόσοφος
945 698 1182 790 Ἀλεξανδρεὺς
1198 697 1215 768 ὃ
1233 701 1432 790 ἐπικληθεὶς

294 814 436 886 Σακκᾶς.
472 800 570 886 οὗτος
594 803 663 874 ἀπὸ
687 813 903 896 Χριστιανῶν
924 834 954 873 κ.
980 833 1009 874 τ.
1036 810 1086 890 l,
1113 803 1157 886 ὥς
1180 830 1264 895 φησι
1286 806 1432 894 Πορφύ-

292 937 364 1000 ριος
394 919 426 980 et
441 907 692 996 Ἀμμώνιος,
712 907 914 997 Ἀμμωνίου,
934 907 1255 1000 Ἀλεξανδρεύς,
1275 906 1432 991 Ἀλεξάν-

293 1018 375 1102 δρου
390 1014 565 1103 γνώριμος,
592 1016 629 1094 ὃς
645 1018 816 1097 διεδέξατο
832 1043 863 1082 κ.
882 1043 911 1082 τ.
931 1019 960 1083 λ.
987 1019 1095 1084 nescio
1118 1039 1180 1101 quo
1194 1035 1271 1084 casu
1285 1017 1319 1082 iu
1333 1037 1431 1082 unam

292 1121 444 1187 confusae
460 1121 588 1187 omissis
604 1121 728 1188 duobus
744 1122 926 1188 nominibus
942 1115 1129 1205 Ἀμμώνιος
1148 1127 1180 1186 et
1194 1115 1432 1207 Ἀλεξανδρεύς

190 1259 194 1272 ·
291 1226 324 1291 in
357 1226 518 1291 veteribus
552 1225 673 1291 Snidae
706 1226 903 1292 editionibus
936 1227 1138 1310 legebantur.
1199 1225 1288 1304 Quas
1321 1231 1432 1291 secuta

293 1329 435 1395 Endocia
457 1348 547 1395 snam
570 1331 712 1413 glossam
734 1330 947 1412 concinnavit,
974 1351 1057 1414 quae
1079 1329 1278 1414 ineptissime
1300 1329 1433 1414 insuper

293 1433 404 1500 scribit
426 1427 443 1498 ὁ
467 1431 674 1516 καλούμενος
690 1427 909 1520 Ἀλέξανδρος
932 1455 989 1519 pro
1011 1433 1133 1500 Saldae
1154 1433 1262 1500 verbis
1277 1427 1433 1511 Ἀλεξαν-

293 1535 408 1624 δρεὺς,
436 1531 453 1602 δ
479 1536 676 1626 ἐπικληθείς
698 1543 843 1615 Σακκᾶς.
890 1539 1027 1606 Omnino
1056 1537 1229 1604 tenendum
1259 1544 1325 1618 est,
1358 1557 1431 1602 cum

291 1641 325 1707 in
354 1647 419 1708 toto
448 1642 582 1708 violario
611 1649 678 1708 tum
707 1643 740 1708 in
770 1643 991 1728 biographicis
1024 1641 1182 1728 capitibus
1219 1639 1430 1725 excerpendis

292 1744 472 1812 incredibili
494 1747 625 1812 levitate
647 1755 808 1813 versatam
832 1767 903 1814 esse
926 1747 1113 1813 Eudociam.

379 1851 414 1914 P.
441 1854 481 1916 59
504 1851 585 1936 περὶ
603 1845 868 1937 Ἀνδροκλείδου.
916 1858 976 1916 τοῦ
998 1850 1146 1916 Λυδοῦ
1168 1856 1241 1915 τοῦ
1265 1847 1430 1914 Φιλαδελ-

294 1959 386 2040 ηιίως
409 1953 573 2021 Eudooiae
595 1955 697 2022 codex
720 1977 791 2022 cum
808 1955 929 2022 Suidae
945 1955 1035 2022 libris
1049 1955 1088 2019 Α.
1108 1954 1145 2019 B.
1165 1954 1203 2018 s.
1220 1952 1305 2020 Med.
1324 1952 1427 2035 Ald..

292 2065 352 2124 τοῦ
367 2057 509 2124 Λυδοῦ
525 2059 766 2146 Φιλαδελφείας
778 2060 854 2125 Bas.
877 2059 881 2146 Ι
902 2066 973 2125 τοῦ
989 2056 1169 2141 ἐμποδὼν
1182 2057 1220 2123 Α.
1237 2057 1275 2122 Β.
1290 2057 1328 2122 Ε.
1342 2055 1428 2122 Med.

292 2162 377 2228 Ald.
404 2161 508 2242 Eud,
542 2169 618 2229 τῶν
641 2162 819 2246 ἐμποδῶν
840 2164 918 2229 Bas.
965 2163 1058 2230 Unde
1087 2183 1152 2229 nou
1181 2160 1427 2240 Frobenianm,

293 2265 351 2332 sed
366 2265 444 2332 radi
467 2266 638 2332 editionem
661 2268 782 2334 sontem
804 2287 877 2334 esse
899 2267 1023 2332 falsarii
1042 2273 1142 2352 patet.
1182 2265 1327 2331 Eandem
1343 2264 1432 2349 glos-

296 2389 364 2435 sam
387 2369 533 2437 Eudocia
554 2372 671 2457 repetit
692 2393 725 2457 p.
744 2376 795 2456 75,
823 2371 877 2438 ubi
899 2371 984 2437 male
1007 2370 1187 2436 Λυδεοτοῦ
1208 2368 1318 2436 scribit
1340 2375 1373 2434 ct
1396 2366 1433 2436 ἒν
1547 2413 1552 2420 -

293 2468 528 2562 Ἀλεξανδρείᾳ
558 2475 600 2542 de
632 2495 689 2542 suo
717 2476 820 2542 addit.
867 2477 950 2540 Tum
973 2475 1213 2558 τεχνολομιῦν
1237 2473 1270 2538 in
1292 2472 1356 2538 fine
1378 2493 1433 2538 co-

292 2578 364 2660 dex,
391 2599 454 2644 non
477 2577 733 2665 τεχνολόγων,
761 2588 796 2646 ut
817 2581 916 2646 habet
937 2580 1106 2646 Villoison.

380 2683 417 2747 In
440 2683 553 2749 eadem
569 2705 600 2768 p.
620 2688 661 2749 59
684 2684 860 2769 Agatbiam
882 2689 1010 2769 poetam
1033 2703 1105 2749 cum
1128 2680 1338 2748 deterioribus
1357 2681 1433 2746 Sui-

294 2786 355 2852 dae
378 2787 469 2852 libris
492 2794 524 2853 et
547 2788 739 2854 editionibus
762 2788 959 2873 eMyrinaeo
988 2789 1199 2874 (Μσρηναῑος
1221 2784 1295 2851 libri
1310 2785 1427 2869 Paris.)

294 2889 505 2976 Smyrnaeum
529 2891 608 2958 facit
630 2892 783 2958 Eudocia.

379 2994 415 3058 P.
442 2997 476 3058 61
511 2995 698 3081 Apollodori
722 2995 816 3063 Geloi
844 2996 1079 3062 comoediarum
1108 2994 1218 3060 titulos
1239 3013 1303 3058 non
1325 2992 1433 3058 minus

293 3096 408 3164 vitiose
430 3105 576 3165 recenset
591 3099 734 3166 Eudocia
756 3119 851 3182 quam
875 3105 1001 3165 veteres
1018 3097 1138 3164 Suidae
1154 3096 1330 3164 editiones:
1356 3096 1435 3162 δευ-

296 3199 452 3278 σοποιός
481 3203 553 3267 libri
583 3201 707 3286 Paris,
741 3202 939 3268 δευσοποιοί
969 3201 1044 3268 edd.
1070 3208 1149 3267 vett.
1175 3207 1207 3267 et
1228 3199 1384 3266 Eudoeia.
1428 3201 1432 3284 Ι

295 3305 494 3392 Αἰσχρίων
515 3313 601 3373 recte
623 3307 734 3392 optimi
758 3307 848 3388 libri,
875 3304 1046 3386 Αίσχίων
1068 3305 1107 3369 Β.
1131 3305 1169 3369 Ε.
1196 3304 1270 3370 εδδ.
1297 3309 1375 3370 vett.
1400 3310 1435 3369 et

295 3409 377 3476 Eud.
416 3409 420 3495 Ι
454 3411 536 3476 'ium
558 3411 591 3475 in
607 3411 791 3495 Apollodori
814 3409 928 3495 tragici
950 3409 1070 3474 fabulis
1093 3403 1311 3488 ἀκανθόπλιξ
1324 3407 1435 3474 Endo-

295 3515 365 3581 ciae
388 3515 490 3580 codex
513 3535 584 3580 cum
606 3522 685 3582 vett.
711 3511 802 3580 editt.
829 3535 886 3599 pro
909 3507 1146 3600 δκανθοπληξ.

380 3619 417 3684 Ρ.
444 3622 484 3682 62
507 3619 540 3683 in
563 3619 654 3686 Arati
677 3619 803 3704 scriptis
827 3617 991 3684 σύνθεσιν
1014 3614 1233 3704 φαρμάκων·
1260 3621 1437 3702 θηριακιῖιν

296 3721 491 3809 ἐπιτηδείαν
513 3722 586 3788 libri
601 3723 718 3804 Paris,
746 3719 910 3789 σύνδεσιν
926 3719 1128 3808 φαρμάκων
1150 3725 1338 3808 θηριακιῖιν
1358 3717 1437 3786 ltcu-

295 3824 431 3914 τηδειαν
453 3826 529 3892 εδδ.
554 3833 652 3910 vett,
683 3827 768 3909 quod
791 3827 911 3911 legisse
934 3825 1107 3892 Eudociam
1131 3831 1235 3910 patet,
1261 3845 1332 3890 cum
1355 3823 1438 3890 scri-

295 3931 384 3997 beret
407 3927 570 3996 σάνθεσιν
593 3928 788 4018 φαρμάκων
811 3928 940 4016 ἰατρῶν
963 3927 1168 4016 ἐπιτηδείαν.

382 4037 417 4101 Ρ.
445 4039 482 4098 71
514 4035 602 4120 Ιζπερὶ
618 4029 827 4121 Ἀριγνώτης)
855 4035 935 4120 περὶ
957 4040 1024 4100 τῶν
1039 4040 1097 4120 της
1112 4030 1291 4121 Δήμητρος
1308 4051 1438 4118 μυστη-

296 4143 379 4224 ρίων
403 4136 559 4225 ἐπιγρά
583 4163 766 4226 φερεται
788 4139 817 4203 Α
845 4139 925 4224 (sio),
956 4187 1038 4201 ....
1064 4141 1267 4225 μυστηρίων.
1294 4133 1438 4220 ἐπιγρά-

298 4267 399 4329 (percu
422 4249 508 4308 recte
530 4243 567 4307 B.
593 4243 631 4307 E.
658 4243 686 4308 V
714 4242 765 4326 [cl.
790 4242 931 4328 append.
957 4241 1103 4326 Bemh.),
1242 4243 1440 4326 μυστηρίων

298 4342 556 4432 ἐπιγράμματα·
584 4350 724 4432 φέρεται
740 4370 769 4413 κ.
789 4369 818 4409 τ.
837 4347 866 4411 λ.
892 4367 963 4414 oum
981 4347 1058 4415 solis
1081 4352 1159 4415 vett.
1178 4343 1252 4414 edd.
1272 4343 1432 4420 Eudoeia;
