3274 4934
243 333 245 338 ’
328 381 370 440 ιο
736 373 806 423 ’-
854 378 937 460 μοι)
984 413 1026 424 -

329 565 530 652 pactionibus
551 565 700 632 ineundis
731 567 859 632 omnino
887 585 1023 650 magnas
1051 571 1158 650 partes
1188 565 1340 631 habuisse
1369 563 1474 629 vide-

328 671 443 736 bimus.

412 772 591 838 Foederum
613 793 644 838 a.
669 775 766 858 433)2
798 792 869 838 cum
897 772 1053 856 Rheginis
1080 781 1113 839 et
1134 771 1300 838 Leontinis
1327 769 1469 836 ictorum

328 875 483 942 formulae
506 883 653 941 servatae
674 875 767 942 uobis
790 882 864 942 sunt
890 876 936 959 (G.
962 876 987 940 I.
1014 877 1053 941 A.
1079 876 1124 942 IV
1147 877 1187 940 33
1210 883 1243 942 et
1265 878 1305 941 33
1320 876 1368 957 ιι);
1405 873 1471 938 ubi

327 988 435 1046 tamen
456 979 497 1045 de
518 978 724 1044 iureiurando
745 978 828 1044 nihil
849 978 913 1044 nisi
935 979 1016 1044 haee
1038 979 1234 1044 scribuntur:
1262 972 1322 1042 τὸν
1343 975 1379 1040 di
1403 968 1470 1060 ὅρ-

326 1105 386 1147 κον
409 1075 608 1164 ὀμοσάντων
622 1074 795 1167 Ἀθηναῖοι
816 1077 902 1146 κατὰ
923 1077 1003 1146 τάδε
1026 1088 1058 1148 et
1079 1075 1204 1164 ὀμόσαι
1218 1079 1255 1145 δὲ
1263 1073 1470 1165 Ἀθηναίους

325 1183 421 1262 τάδε,
458 1205 521 1252 uon
550 1183 680 1250 additur
709 1185 840 1267 quinam
870 1185 998 1251 nomine
1019 1184 1262 1251 Atheniensium
1284 1183 1389 1248 iurare
1411 1181 1470 1246 iu-

323 1291 465 1355 beantur.

412 1392 561 1458 Ceterum
591 1391 844 1477 praetermittere
872 1411 935 1458 nou
965 1391 1041 1458 licet
1067 1390 1208 1457 indutias
1236 1389 1469 1456 a.4231nter

325 1493 599 1561 Lacedaemonios
621 1501 654 1560 et
674 1493 888 1561 Athenienses
918 1494 1038 1577 iactas,
1075 1495 1116 1562 de
1146 1493 1260 1578 quibus
1288 1493 1390 1558 Thnc.
1416 1493 1466 1556 IV

328 1601 388 1661 119
411 1597 491 1663 hacc
514 1597 663 1681 praehet:
691 1598 866 1676 ξυνέθεντο
889 1599 946 1662 καὶ
969 1595 1173 1664 ἐσπένδοντο
1202 1597 1232 1680 (i.
1259 1617 1289 1663 e.
1310 1589 1462 1678 ὤμοσαν,

324 1701 364 1767 ei.
395 1703 454 1766 118
477 1701 510 1766 in
532 1701 610 1767 fine:
639 1701 846 1767 σπείσασθαι
868 1701 905 1767 δὲ
931 1749 967 1767 ..
992 1699 1053 1777 τὰς
1075 1703 1287 1786 πρεσβείας.
1310 1749 1317 1763 .
1343 1686 1361 1785 ἧ
1384 1695 1467 1784 μὴν

324 1803 480 1887 ἐμμενεῖν
507 1805 589 1890 κτλ.)
614 1855 621 1868 .
644 1856 650 1868 ,
676 1797 866 1891 Ἀθηναίων
891 1853 927 1870 ..
961 1803 993 1870 οἱ
1023 1803 1204 1891 στρατηγοὶ
1228 1799 1465 1888 Νικόστρατος

324 1912 557 1994 Διειτρέφους,
601 1911 723 1984 Νικίας
756 1906 958 1995 Νικηράτου,
997 1901 1174 1993 Αὐτοκλῆς
1211 1906 1384 1988 Τολμαίου
1412 1904 1468 1984 (ii-

324 2012 396 2077 dem
426 2017 492 2077 tres
522 2015 595 2076 sunt
624 2009 740 2094 duces,
778 2010 833 2094 qui
862 2010 952 2076 brevi
981 2017 1056 2076 ante
1080 2009 1221 2094 Cythera
1242 2007 1381 2074 insulam
1404 2026 1466 2071 oc-

324 2119 537 2199 cupaverunt:
564 2113 609 2178 IV
625 2115 691 2192 53).
723 2113 775 2179 Ad
796 2113 939 2179 indutias
961 2113 1061 2196 igitur
1083 2110 1272 2178 sanciendus
1293 2117 1358 2177 tres
1377 2117 1465 2175 stra-

322 2217 389 2302 tegi
414 2215 586 2283 sufficiunt.

241 2317 243 2324 “
409 2319 592 2402 Sequuntur
613 2337 677 2404 pax
700 2326 732 2385 et
753 2318 868 2386 foedus
891 2340 921 2385 a.
947 2321 1007 2382 421
1032 2319 1115 2385 inter
1134 2318 1406 2385 Lacedaemonios
1429 2325 1464 2384 et

321 2423 535 2490 Athenienses
565 2421 669 2506 laem,
706 2422 907 2507 Thucydidis
937 2421 1019 2489 libro
1042 2423 1079 2488 V.
1111 2426 1162 2504 (19
1186 2432 1218 2489 et
1248 2426 1298 2506 24)
1325 2422 1458 2498 inserta,

321 2547 452 2611 quorum
474 2532 643 2608 utrumque
665 2525 883 2611 septendecim
906 2526 1148 2592 Atheniensium
1172 2527 1231 2592 viri
1254 2525 1464 2592 iureiurando

323 2631 519 2696 confirmant.
567 2629 707 2708 Quorum
731 2627 880 2696 undecim
899 2629 1125 2714 aThucydide
1146 2631 1217 2715 ipso
1239 2631 1322 2696 inter
1344 2635 1463 2695 strate-

323 2751 382 2816 gos
405 2740 501 2798 antea
523 2733 691 2798 memorari
714 2732 886 2799 Classeuus
909 2732 1005 2798 vidit:
1034 2733 1118 2798 unde
1141 2731 1278 2798 eflicitur
1299 2731 1360 2798 hoc
1382 2751 1463 2814 quo-

323 2855 385 2918 que
414 2837 483 2901 loco
512 2843 670 2920 strategos
699 2835 821 2919 aliquot
853 2836 969 2901 iurare.
1017 2835 1066 2902 De
1100 2835 1215 2902 ceteris
1243 2835 1322 2919 quid
1350 2836 1462 2902 valcat

321 2938 496 3004 decernere
537 2959 599 3004 non
635 2938 754 3004 audeo:
803 2937 941 3004 fortasse
978 2938 1122 3004 nonnulli
1167 2947 1258 3005 erant
1294 2947 1461 3006 senatores

322 3048 354 3107 et
376 3062 396 3107 a
419 3049 532 3108 senatu
563 3043 674 3108 creati.
721 3041 830 3107 Nicias
860 3049 967 3108 autem
996 3049 1027 3108 et
1049 3041 1173 3107 Laches
1201 3042 1286 3107 inter
1315 3042 1461 3108 iurantes

321 3153 406 3228 sunt,
433 3145 509 3228 quia
531 3145 594 3231 ipsi
617 3165 688 3212 cnm
711 3145 976 3212 Lacedaemoniis
1007 3145 1048 3211 de
1081 3165 1161 3230 pace
1181 3153 1315 3228 egerant
1342 3145 1456 3228 (Thoe.

321 3247 422 3330 V43)
439 3251 473 3331 1).

404 3350 499 3435 Apud
515 3350 653 3418 eundem
669 3351 890 3437 Thucydidem
912 3353 949 3435 [V
965 3355 1015 3436 47)
1037 3351 1174 3417 formula
1188 3349 1328 3417 foederis
1343 3371 1372 3416 a.
1393 3354 1459 3414 420

319 3473 391 3520 cum
419 3454 549 3538 Argivis
579 3455 851 3521 Mantiueensibus
880 3455 969 3521 Eleis
1002 3455 1057 3522 icti
1087 3461 1192 3537 extat,
1233 3454 1287 3520 uhi
1321 3455 1455 3539 legitur:

320 3551 519 3640 ὀμοσάντων
536 3551 692 3644 Ἀθήνησι
713 3557 776 3641 μὲν
798 3551 817 3645 ἡ
833 3557 936 3645 βουλὴ
952 3559 1010 3622 καὶ
1025 3556 1060 3622 ui
1077 3557 1215 3644 i'udqpoc
1230 3551 1341 3644 ἀρχαί,
1362 3555 1460 3642 ἔξορ-

318 3657 470 3726 κούντων
491 3659 527 3724 δὲ
552 3659 583 3724 oi
607 3657 788 3746 πρυτάνεις
796 3664 832 3744 3).
858 3661 910 3726 Ad
925 3680 1020 3744 quem
1034 3661 1137 3727 locum
1157 3661 1332 3728 Classenus
1355 3660 1459 3726 adno-

389 3939 405 3999 Ι)
426 3937 470 3990 De
488 3935 644 4006 Thrasycle
662 3933 698 3990 ci.
719 3935 850 3992 Koehler.
872 3937 899 3991 in
919 3937 1047 3991 Micelae.
1067 3939 1080 3992 l
1102 3939 1158 3991 172.

387 4041 404 4103 2)
428 4037 563 4109 cipue,
583 4046 734 4109 praeterea
751 4039 1027 4096 veroc.1.A.184
1045 4059 1073 4094 v.
1088 4043 1118 4093 ti:
1143 4037 1313 4111 [otlpczqyoi
1331 4037 1457 4110 a'yqolopz

321 4166 325 4176 .
349 4166 354 4175 .
379 4166 383 4175 .
405 4132 434 4179 ct
452 4124 493 4180 IV
512 4127 576 4189 278,
592 4143 620 4180 v.
638 4128 668 4178 16
682 4140 759 4196 sqq:
781 4121 904 4198 ὁρκῶσαι
923 4125 952 4180 δὲ
972 4126 1123 4198 πρεσβείαν
1141 4123 1281 4178 ἐλθοῦσαν
1298 4121 1329 4191 ly
1346 4124 1458 4176 Χαλκί-

318 4208 526 4281 desperetur
545 4207 675 4285 ὁρκωτῶν
696 4217 742 4278 lec.
763 4217 819 4266 τῶν
836 4211 868 4268 lv
885 4210 1017 4278 Ἀθήναις,
1038 4211 1075 4267 cs.
1095 4230 1123 4268 y.
1139 4213 1185 4264 ³8:
1205 4206 1276 4281 μετὰ
1295 4212 1350 4262 τῶν
1367 4206 1459 4282 ὁρκω-

316 4299 372 4350 τῶν
390 4301 445 4348 τῶν
463 4295 494 4351 ἓν
507 4298 639 4363 Χαλκίδι)
660 4299 827 4364 Ἀθηναίους,
846 4301 894 4356 ubi
913 4295 1035 4372 ὁρκωιαί
1053 4296 1174 4354 fortusse
1192 4301 1324 4368 prytanes
1344 4305 1420 4351 sunt.
