3276 4932
311 387 331 448 r
754 419 799 430 -
844 383 908 466 [sn]
957 419 998 431 -

398 570 504 649 Quare
526 589 589 636 non
612 570 727 636 mirum
750 577 800 636 est
828 570 894 635 iam
916 570 1147 656 Hieronymum
1170 570 1446 654 Lagomarsinum,

311 675 366 759 qui
388 693 472 740 anno
495 673 674 740 MDCCXL
696 673 837 740 codicem
859 674 1078 740 Florentinum
1100 673 1281 740 accuratius
1303 673 1445 755 contulit,

311 785 344 844 et
366 785 478 864 postea
500 778 581 843 alios
603 776 691 842 viros
707 776 817 842 doctos
832 777 866 842 in
881 797 953 843 eam
975 777 1132 844 adductos
1151 796 1223 844 esse
1242 775 1445 859 sententiam,

312 887 347 947 nt
368 887 524 964 negarent
545 880 762 946 Victoriannm
790 880 882 946 illum
908 881 1024 947 librum
1048 881 1186 947 eundem
1208 900 1280 947 esse
1302 900 1341 945 ac
1363 880 1448 944 Lan-

312 984 502 1050 rentianum.
543 983 633 1062 Quae
649 983 776 1068 quidem
795 984 904 1069 opinio
927 1005 999 1050 cum
1021 985 1189 1071 permultis
1211 985 1285 1050 aliis
1307 982 1449 1049 minutiis

312 1093 398 1152 certo
421 1085 585 1167 refutatur,
611 1105 693 1169 quas
712 1087 886 1153 aVietorio
909 1087 1060 1153 laudatas
1083 1088 1245 1154 innostro
1268 1087 1376 1153 codice
1397 1105 1449 1151 re—

312 1189 436 1274 perias,
463 1196 530 1255 tum
552 1189 647 1254 rubro
668 1189 775 1273 aliquo
798 1197 934 1274 puncto,
961 1189 1002 1256 de
1024 1209 1088 1273 quo
1110 1189 1197 1256 infra
1217 1189 1250 1255 in
1272 1190 1380 1255 adnot.
1404 1187 1449 1253 ad

314 1297 388 1376 533,
410 1305 440 1354 ll
463 1293 563 1359 verba
585 1293 713 1358 faciam.

400 1396 649 1480 Lagomarsinus
679 1403 787 1462 autem
817 1397 874 1462 illo
905 1396 1034 1481 quidem
1065 1396 1269 1481 diligentius,
1302 1396 1336 1460 id
1365 1393 1452 1478 quod

313 1519 411 1584 supra
433 1499 556 1582 monui,
583 1499 703 1566 codicis
726 1501 901 1585 scripturas
923 1501 1078 1582 enotavit,
1105 1507 1247 1566 atamen
1268 1521 1352 1583 quae
1374 1517 1451 1583 pas-

313 1601 373 1667 sim
396 1623 436 1668 ex
459 1602 529 1668 eius
552 1603 723 1669 collatione
744 1603 892 1669 Niebuhr
914 1610 947 1669 et
967 1603 1155 1670 Lachmann
1177 1603 1378 1678 rettulerunt,
1408 1619 1449 1666 ne

313 1706 386 1792 ipsa
400 1705 529 1789 quidem
546 1707 627 1773 satis
641 1713 790 1772 accurate
806 1727 944 1791 eaquae
959 1707 992 1772 in
1009 1707 1118 1774 codice
1134 1709 1285 1790 leguntur
1299 1704 1447 1771 reddunt.

399 1809 512 1894 Itaque
527 1809 587 1875 viri
603 1809 688 1876 docti
703 1817 805 1876 artem
822 1809 963 1876 criticam
978 1809 1012 1876 in
1024 1810 1230 1876 Varronianis
1253 1809 1342 1876 libris
1358 1828 1450 1873 exer-

312 1913 447 1979 cendam
469 1913 556 1980 omni
577 1921 662 1980 certo
685 1913 894 1981 fundamento
922 1921 987 1980 tam
1011 1913 1067 1981 diu
1096 1935 1207 1981 carere
1234 1913 1447 1992 consentiunt,

312 2038 407 2102 quam
431 2017 486 2083 diu
510 2038 593 2083 nova
614 2018 791 2083 Florentini
813 2018 933 2084 codicis
961 2019 1135 2085 collatione
1163 2017 1306 2085 destituti
1335 2017 1447 2082 simus.

313 2121 417 2200 Quam
443 2121 574 2204 quidem
604 2121 646 2186 ab
676 2121 813 2187 Henrioo
843 2121 917 2188 Keil
948 2122 1124 2188 conlectam
1153 2121 1297 2208 possidet
1326 2119 1447 2186 Leonh.

313 2223 455 2308 Spengel
483 2223 577 2304 (conf.
605 2223 764 2308 Spengel,
798 2224 906 2290 Ueber
928 2225 982 2291 die
1005 2225 1113 2292 Kritik
1136 2247 1169 2312 p.
1190 2227 1284 2310 432),
1318 2223 1452 2290 sedhic

313 2325 361 2391 vir
383 2326 586 2392 doctissimus
609 2333 641 2392 et
671 2327 711 2392 de
733 2327 876 2394 Varrone
905 2327 1023 2414 optime
1053 2329 1186 2395 meritus
1214 2347 1328 2393 novam
1356 2326 1452 2392 huius

314 2429 476 2514 scriptoris
503 2429 695 2513 editionem,
731 2451 828 2514 quam
859 2451 916 2516 per
945 2431 1109 2516 complura
1137 2431 1201 2496 iam
1232 2429 1389 2497 decennia
1417 2429 1451 2493 in

314 2533 440 2599 scriniis
463 2541 579 2616 servat,
605 2533 685 2599 iuris
708 2535 830 2620 publici
853 2533 958 2601 lacere
980 2534 1087 2601 adhuc
1109 2535 1220 2602 noluit.

400 2635 504 2715 Quam
531 2637 661 2703 obrem
690 2657 767 2722 ego,
800 2658 872 2703 enm
902 2659 986 2703 anno
1012 2641 1091 2702 1877
1124 2639 1291 2704 occasione
1316 2635 1455 2702 feliciter

314 2739 424 2804 oblata
458 2760 514 2824 per
543 2740 666 2824 aliquot
695 2759 823 2806 menses
852 2741 1035 2808 Florentiae
1064 2741 1181 2808 morari
1215 2741 1293 2807 mihi
1326 2739 1449 2819 liceret,

313 2848 441 2913 anctore
469 2849 502 2908 et
529 2862 664 2909 suasore
693 2843 853 2909 Guilelmo
883 2843 1084 2910 Studemund
1111 2845 1162 2911 bis
1191 2845 1281 2910 illum
1309 2843 1453 2909 codicem

314 2965 409 3030 quam
431 2945 672 3012 accuratissime
702 2947 790 3031 potui
820 2967 892 3013 eum
916 2948 1135 3033 Spengeliana
1163 2948 1302 3014 editione
1333 2945 1452 3013 contuli

314 3069 487 3134 omnesque
518 3050 694 3136 scripturae
721 3051 956 3136 discrepantias
983 3053 1016 3117 in
1045 3053 1194 3138 exemplo
1216 3073 1288 3118 meo
1310 3050 1449 3117 enotavi.

314 3155 406 3219 Hane
429 3161 535 3220 autern
558 3155 731 3220 editionem
755 3155 985 3223 lduellerianae
1007 3156 1252 3242 ideopraetuli,
1277 3156 1355 3240 qnia
1376 3175 1454 3220 con-

313 3265 435 3324 tentum
459 3259 709 3341 Varronianum,
736 3259 842 3342 qualis
864 3260 1039 3344 antiquitus
1061 3261 1197 3326 traditus
1219 3268 1284 3344 est,
1310 3259 1453 3346 Spengel

314 3363 414 3427 multo
436 3361 564 3428 fidelius
587 3363 739 3444 servarit,
765 3383 836 3428 cum
852 3363 989 3429 Mueller
1011 3371 1044 3429 et
1066 3383 1142 3430 suas
1164 3371 1197 3430 et
1218 3365 1353 3430 aliorum
1376 3384 1453 3430 oon-

313 3466 452 3532 iecturas
475 3473 638 3532 sescentas
661 3467 694 3532 in
716 3467 861 3533 ordinem
884 3469 1052 3533 verborum
1076 3468 1242 3553 receperit.

399 3568 526 3636 Deinde
548 3569 581 3634 in
611 3570 749 3654 patriam
771 3590 920 3637 reversus
942 3570 984 3636 ad
1014 3572 1097 3638 hanc
1124 3592 1228 3638 meam
1251 3571 1452 3638 collationem

313 3673 418 3758 ipsum
442 3672 522 3738 illud
544 3673 694 3740 editionis
718 3673 871 3758 principis
894 3675 1076 3760 exemplum
1098 3696 1120 3740 a
1142 3675 1280 3742 Victorio
1303 3695 1373 3741 eum
1396 3695 1452 3740 oo-

315 3777 385 3842 dioe
408 3777 559 3842 collatum
581 3775 731 3858 adhibui,
765 3777 850 3862 quod
881 3798 952 3843 cum
974 3799 1059 3844 nune
1083 3779 1116 3844 in
1146 3779 1340 3845 bibliotheca
1361 3779 1453 3862 regia

315 3880 500 3946 Monacensi
515 3879 713 3962 adservetur,
739 3880 762 3946 ii
778 3880 833 3966 qni
855 3881 930 3947 huie
951 3889 1106 3968 praesunt
1128 3883 1357 3968 benignissime
1380 3903 1453 3948 mea

315 4003 413 4049 causa
435 3984 680 4068 Argentoratum
711 3985 966 4051 transmiserunt.
1014 3987 1119 4072 Atque
1148 3987 1211 4052 iam
1241 3986 1360 4052 laboris
1389 3987 1453 4052 mei

315 4087 436 4152 fructus
457 4089 490 4153 in
513 4088 573 4154 hoc
596 4089 705 4154 libello
728 4089 774 4154 ita
788 4091 964 4174 composui,
990 4098 1026 4157 nt
1041 4091 1068 4156 si
1083 4111 1167 4175 quae
1182 4092 1282 4158 verba
1304 4091 1454 4157 editionis

316 4191 555 4274 Spengelianae
567 4212 638 4257 eum
651 4192 761 4258 codice
772 4213 836 4258 non
851 4213 981 4278 prorsus
997 4195 1210 4278 concinerent,
1228 4194 1271 4262 ad
1287 4195 1368 4262 haec
1383 4196 1455 4260 uhi-

315 4313 376 4378 que
399 4314 439 4360 ea
454 4294 682 4380 adscribercm,
708 4316 791 4380 quse
813 4317 871 4382 pro
886 4296 927 4362 iis
942 4297 977 4362 in
993 4298 1103 4365 codice
1118 4305 1256 4364 exstant.
1290 4299 1332 4364 Ut
1346 4306 1453 4365 autem
