3274 4934
684 427 876 484 „q-

214 613 322 678 deleta
343 618 405 680 est,
434 631 511 676 sane
533 611 695 692 dolemus,
722 614 870 696 quoniam
895 623 979 680 certe
1002 615 1125 680 restitui
1149 615 1348 681 nullomodo

214 723 328 802 potest.
362 716 445 779 Nam
466 715 592 780 etiamsi
609 716 670 782 hac
691 717 838 782 clausula
853 717 938 800 quod
954 739 985 781 v.
1004 723 1023 781 o
1039 719 1219 802 lingebatur
1233 739 1349 803 oppro-

213 821 317 888 brium
331 819 395 884 iam
411 819 445 883 in
460 819 608 903 plausum
625 820 751 886 lectoris
768 821 847 886 verti
864 828 995 900 constet,
1022 829 1129 886 tamen
1144 841 1219 887 num
1235 827 1348 904 poetae

213 924 377 1008 ingenium
404 943 446 987 au
472 923 575 1006 pietas
601 925 755 990 modosve
781 925 846 989 voti
877 925 1023 990 solvendi
1053 925 1178 991 lectoris
1208 925 1349 991 adsensu

213 1027 450 1112 comprobetur,
481 1047 543 1091 nou
569 1027 680 1109 liquet.
724 1027 869 1093 Ueterum
896 1029 1003 1094 littera
1028 1027 1077 1108 0,
1111 1049 1193 1112 quae
1223 1027 1350 1094 videtur

213 1139 285 1217 post
304 1129 419 1194 ΕΜΟΙ
439 1130 542 1195 incisa
558 1149 640 1209 csse,
663 1137 791 1215 propter
805 1131 927 1196 hiatum
943 1131 1018 1196 ferri
1034 1132 1087 1196 vix
1102 1139 1216 1215 potest,
1243 1132 1348 1216 potins

219 1233 251 1298 Θ
268 1234 439 1317 legendnm
455 1239 551 1316 atquc
563 1234 710 1300 vocabuli
728 1231 810 1310 θεὸς
823 1234 872 1299 vel
886 1239 982 1310 θεῖος
998 1234 1098 1299 forma
1109 1235 1219 1317 aliqua
1230 1253 1348 1319 agnos-

215 1338 317 1404 cenda
332 1345 391 1404 est.

762 1473 803 1540 B.

408 1597 444 1660 lin
457 1596 549 1650 media
560 1595 656 1650 tabula
668 1596 720 1650 sub
737 1596 856 1651 carmine
870 1597 1008 1652 demotico
1021 1598 1157 1660 incisum).

215 1719 255 1782 Μ
281 1717 341 1806 Μή
364 1742 404 1801 με
429 1713 633 1803 scurraeque,
660 1715 690 1782 εἰ
712 1715 911 1802 πολύχωρος
934 1706 1002 1783 οὖσ’
1028 1712 1153 1806 ἄδηλον

215 1824 247 1889 0
281 1818 430 1906 ὄμμασιν
452 1825 546 1907 φέρω
570 1824 779 1906 φαντασίην·
806 1815 846 1886 οὐ
867 1819 1008 1887 δύναται
1031 1821 1093 1906 γὰρ

217 1925 247 1992 C
277 1923 425 2009 στοιχεῖά
447 1949 497 2001 τις
520 1918 691 2009 εὔγνωστα
714 1925 824 2000 τιθεὶς
845 1922 890 2011 μὴ
914 1919 973 1990 οὐκ
997 1920 1199 2012 ἀποκρύψαι

217 2031 246 2094 Χ
276 2029 400 2117 χώρην,
425 2027 482 2094 ἵνα
506 2035 565 2093 τῶι
586 2029 726 2093 θέλοντι
746 2029 804 2092 καί
826 2025 960 2115 πλάνην
982 2016 1164 2116 παράσχοι.

229 2134 236 2198 Ι
271 2133 329 2200 ἵνα
352 2132 388 2198 δὲ
410 2131 455 2219 μὴ
478 2129 609 2218 μακρὴν
630 2125 714 2197 κεῑσ’
741 2125 873 2218 άπορον
895 2129 1039 2219 τράπηις
1062 2127 1227 2217 ἀταρπόν,
1332 2150 1347 2198 5

218 2232 263 2302 ω
278 2230 321 2313 ὡς
343 2231 385 2302 dv
408 2235 603 2319 ἰσαρίθμων
623 2238 781 2319 Πιερίσιν
803 2239 927 2317 στίχων
949 2235 1130 2325 κατάσχοις

219 2339 246 2402 Ν
279 2347 373 2423 νοῦν,
401 2333 590 2414 ἀποκνίσας
612 2333 788 2416 εὐξύνετον
810 2333 931 2424 γράμμ’
958 2334 1015 2425 ἀφ’
1041 2339 1192 2420 ἑκάστου,

216 2443 248 2508 0
278 2437 426 2530 ὅρμησαν
449 2436 507 2529 ἐφ’
525 2440 565 2529 ἢν
587 2445 719 2506 τέθεικε
742 2440 948 2528 χειραγωγὸν
971 2438 1090 2530 άρχήν·

218 2545 248 2612 C
279 2559 420 2634 σημανεῖ
442 2544 521 2632 γάρ,
548 2543 579 2610 εί
601 2541 747 2628 πύθοιο,
774 2539 835 2632 κῆν
856 2539 966 2632 ὀρθὸν
988 2545 1078 2633 ἕχηις
1100 2555 1190 2614 νοῦν.

301 2685 391 2750 »Noli
406 2705 457 2750 me
472 2684 591 2766 mirari,
618 2683 645 2750 si
668 2683 807 2749 locorum
831 2684 985 2750 varietate
1001 2683 1168 2750 abundans
1190 2688 1348 2752 occultam

216 2790 316 2855 oculis
332 2787 472 2874 speciem
489 2807 566 2872 prae
581 2807 632 2853 me
647 2787 731 2860 fero:
750 2807 822 2852 nam
838 2788 894 2870 qui
908 2788 1032 2853 litteras
1048 2788 1144 2854 iacile
1160 2790 1348 2874 perspicuas

216 2892 367 2978 disponit,
385 2912 448 2956 non
463 2897 569 2975 potest
583 2890 660 2972 quin
676 2911 822 2976 campum
839 2893 983 2973 occultet,
1003 2911 1066 2973 quo
1082 2892 1179 2957 ctiam
1194 2894 1348 2977 ambages

216 2996 370 3081 praebeat
388 2995 562 3077 (quaerere)
581 2995 711 3059 volenti.
752 2995 801 3060 Ne
817 3002 923 3061 autem
947 2995 1074 3076 longam
1097 2996 1175 3060 illuc
1190 2996 1280 3062 ineas
1296 3017 1348 3062 se-

217 3100 325 3165 mitam
347 3097 552 3182 impeditam:
589 3103 623 3161 nt
644 3117 809 3176 versuum,
842 3098 897 3179 qui
918 3097 1077 3163 Pieridum
1101 3120 1266 3165 numerum
1292 3121 1348 3166 ae-

216 3209 328 3286 quant,
354 3220 482 3266 sensum
498 3201 684 3284 intellegas,
710 3202 751 3267 ab
767 3200 904 3284 singulis
920 3201 1065 3266 versibus
1081 3203 1218 3285 singulis
1233 3203 1349 3269 litteris

215 3307 380 3372 intellectu
406 3303 586 3370 manifestis
612 3304 764 3370 abscissis
790 3305 927 3388 procede
952 3304 994 3369 ad
1024 3305 1132 3370 habile
1158 3306 1348 3392 principium

216 3410 312 3493 quale
333 3407 484 3475 condidit.
525 3409 607 3473 Nam
630 3407 662 3472 id
685 3407 842 3490 ostendet,
869 3407 896 3472 si
918 3426 1070 3489 quaeras,
1097 3429 1173 3473 num
1196 3417 1281 3476 recto
1304 3409 1349 3475 sis

217 3513 383 3600 praeditus
397 3511 555 3594 ingenio«

301 3615 454 3697 Loquitur
479 3614 551 3698 ipsa
575 3615 687 3680 tabula
714 3611 928 3698 πολύχωρος,
955 3635 1037 3695 quae
1063 3614 1191 3696 quidem
1218 3616 1349 3698 quadris

216 3719 423 3785 multifariam
454 3716 625 3783 dividatur.
680 3717 864 3783 Acrostioho
893 3725 1000 3784 autem
1030 3715 1345 3804 ΜΟΟΧΙωΝΟΟ,

216 3824 305 3889 ouius
321 3821 459 3888 nominis
474 3821 599 3886 litterae
621 3821 655 3886 in
676 3839 823 3886 versuum
846 3821 1013 3906 principiis
1033 3823 1084 3888 bis
1107 3823 1245 3907 scriptae
1261 3831 1345 3907 snut,

216 3933 326 3992 auctor
346 3925 538 4008 aenigmatis
568 3924 757 3990 solutionem
785 3923 962 3989 faciliorem
988 3925 1122 3991 reddere
1145 3926 1253 3992 voluit.
1301 3929 1348 3994 llo

215 4029 299 4094 enim
315 4028 465 4113 expedito
481 4029 579 4093 lector
594 4035 626 4092 et
642 4048 757 4093 nomen
778 4033 948 4110 cognoscet
963 4035 995 4092 ct
1011 4029 1051 4094 de
1068 4029 1182 4094 litteris
1197 4037 1265 4095 arte
1282 4029 1349 4096 dis-

216 4131 327 4217 positis
348 4132 402 4216 agi
424 4131 602 4214 intelleget.
621 4169 664 4177 -
680 4131 717 4196 V.
738 4134 756 4194 3
777 4141 925 4211 στοιχεῖα
941 4134 1050 4206 τιθείς
1073 4131 1094 4195 i.
1113 4153 1142 4197 e.
1161 4133 1284 4199 litteras
1303 4134 1349 4200 ita

215 4254 408 4320 componens
424 4241 456 4301 et
470 4233 664 4320 distribuens
680 4242 715 4300 ut
729 4254 827 4319 supra
839 4233 874 4298 iu
889 4253 975 4299 area.
990 4273 1033 4282 —
1045 4235 1100 4300 Vs.
1113 4240 1172 4300 6.7
1191 4237 1349 4318 quomodo

214 4359 330 4406 novum
340 4338 510 4406 acrostichi
519 4338 771 4421 artificium,quo
780 4337 821 4404 ad
832 4337 937 4423 ipsam
947 4357 1054 4404 aream
1063 4337 1345 4426 viapraeparatur,
