3276 4932
758 367 972 428 ,78-

296 557 368 602 cnm
384 543 571 620 argumento
587 544 654 604 tum
671 535 797 602 dicendi
815 556 933 622 genere
955 535 1162 623 prohibemur
1183 533 1270 618 qnod
1292 554 1313 600 a
1332 531 1436 600 Grae-

297 661 405 706 corum
427 661 488 705 usn
504 641 577 726 plus
593 660 655 706 uno
670 639 798 706 nomine
813 640 944 708 recedit.

383 745 452 826 Quo
468 745 630 830 pertinent
644 765 707 809 non
723 750 788 809 tarn
803 742 963 830 lapicidae
978 764 1064 810 error
1079 763 1109 808 v.
1122 745 1140 806 8
1154 738 1271 806 ΟΙΗΜ
1285 761 1342 828 pro
1360 737 1436 826 οἵην

299 849 468 933 scriptum,
505 869 603 930 quam
626 847 748 912 formae
771 847 944 912 inusitatae
966 868 997 911 v.
1028 851 1037 908 1
1067 843 1226 932 τελώριον
1248 866 1304 931 pro
1327 840 1436 908 aetat

299 975 374 1038 ριον
386 955 405 1036 ¹)
431 973 463 1018 v.
483 957 501 1016 7
526 951 680 1037 κέλιορ(α)
693 953 715 1036 ²)
743 957 776 1016 66
798 973 829 1016 6.
849 954 868 1014 9
885 943 1029 1036 ἄριθμά,
1055 957 1222 1036 praeterea
1244 971 1274 1015 v.
1297 954 1310 1012 1
1339 971 1438 1012 κανε-

298 1062 397 1121 uuna
419 1077 484 1120 non
507 1054 656 1138 genetivo
683 1054 740 1119 sed
762 1054 946 1120 accusativo
970 1053 1123 1118 iunctum.
1163 1053 1268 1134 Atque
1290 1052 1360 1138 ipse
1382 1071 1438 1118 ac-

298 1160 464 1226 cusativus
479 1155 608 1222 ΛΑΟΝ
627 1164 658 1224 66
672 1164 772 1222 metro
787 1158 977 1222 adversatur
992 1163 1024 1222 et
1039 1155 1195 1222 sermonis
1212 1155 1353 1238 legibus:
1378 1173 1433 1220 ex·

299 1269 412 1348 pectas
428 1263 515 1327 λᾶαν
537 1263 588 1327 661
611 1261 867 1344 monosyllabum
883 1261 957 1325 λᾰν.
997 1259 1080 1325 Nam
1103 1259 1333 1325 nominativum
1356 1258 1438 1333 λᾶος

300 1363 467 1450 Sophoclis
483 1364 521 1430 Ο.
541 1363 578 1430 O.
600 1367 658 1428 195
684 1363 736 1447 (cl.
754 1361 929 1429 Herodian.
947 1383 1000 1447 ap.
1020 1363 1133 1446 schol.)
1153 1361 1274 1446 Hygini
1291 1361 1357 1428 lab.
1379 1362 1438 1424 153

300 1490 331 1553 p.
351 1471 425 1550 266,
452 1467 556 1533 Servii
579 1467 621 1531 ad
635 1468 731 1550 Vcrg.
753 1467 870 1551 Georg.
892 1471 920 1548 1,
940 1469 980 1530 63
1004 1465 1195 1531 testimoniis
1217 1485 1330 1550 parum
1352 1483 1439 1528 oom-

301 1570 430 1654 probari
452 1577 537 1635 recte
559 1577 649 1635 notat
670 1569 855 1634 Dindorfius
876 1569 910 1634 in
926 1569 1023 1634 Thes.
1044 1589 1073 1633 6.
1094 1569 1189 1644 λᾶας.
1230 1569 1336 1633 Etiam
1358 1564 1440 1634 illud

304 1675 391 1739 λᾶαν
405 1671 577 1759 γράμματι
593 1669 802 1761 ῥηγνύμενον
824 1672 950 1739 insolite
966 1673 1096 1738 dictum.
1122 1711 1164 1719 -
1180 1673 1219 1738 V.
1241 1677 1275 1736 11
1295 1692 1352 1758 pro
1370 1658 1387 1758 ἦ
1402 1691 1441 1734 σε

303 1785 390 1844 certe
421 1777 606 1844 concinnius
636 1777 796 1844 diceretur
826 1775 861 1841 οἵ
889 1796 1073 1859 carneque
1103 1783 1211 1844 tamen
1232 1777 1273 1843 de
1296 1777 1441 1841 itacismo

304 1882 458 1967 aegyptio
481 1881 624 1966 cogitare
646 1881 750 1947 audeo
761 1884 798 1965 ³).

390 1986 538 2069 Denique
554 1985 718 2068 singulare
734 1990 784 2050 666
799 1985 988 2049 vocabulum
1004 1983 1090 2071 ἔρος,
1109 1984 1200 2051 cuius
1215 1983 1359 2049 hocloco
1374 1981 1442 2068 pri-

304 2109 390 2154 mum
406 2087 689 2172 deprehenduntur
704 2087 825 2152 formae
840 2108 871 2152 v.
890 2091 908 2151 7
926 2086 1040 2174 ἔρεοοι
1054 2095 1131 2154 etv.
1151 2091 1188 2150 12
1206 2085 1320 2173 ἐρέων.
1353 2085 1443 2162 Quae

306 2190 460 2275 Hesychii
476 2191 608 2274 glossis:
637 2187 744 2275 ἐρέας·
770 2194 882 2256 τέκνα.
911 2191 1079 2256 Θεσσαλοί
1095 2197 1127 2256 et
1143 2189 1290 2277 ἔρέεοφι·
1316 2192 1445 2262 τέκνοις

305 2295 522 2379 explicantur:
558 2293 613 2358 ubi
646 2291 742 2377 ἐρέας
772 2293 908 2359 formam
940 2293 1146 2360 thessalicam
1177 2301 1306 2378 propter
1340 2309 1444 2376 genus

307 2398 518 2463 masculinum
542 2395 723 2480 praedicari
745 2397 919 2464 verisimile
942 2404 1002 2463 666.
1049 2397 1142 2476 Quod
1161 2397 1205 2460 Μ.
1224 2393 1369 2463 Schmidt
1395 2393 1447 2477 (ad

306 2499 448 2585 Hesych.
467 2501 490 2564 l.
509 2505 548 2582 6.)
577 2497 653 2585 ἔρος
676 2499 761 2565 idern
784 2519 857 2566 esse
879 2508 975 2584 atque
1000 2499 1097 2586 ἔρνος
1118 2500 1240 2582 statuit,
1267 2500 1295 2565 si
1317 2497 1446 2582 quidem

311 2604 456 2688 Buggius
466 2607 487 2688 ⁴)
509 2611 594 2668 recte
606 2603 764 2669 vocabula
780 2601 875 2688 ἔρνος
892 2603 1010 2690 ἔρννμι
1025 2605 1111 2668 orior
1126 2605 1166 2669 ad
1184 2624 1279 2670 unam
1296 2603 1450 2668 eandem-

308 2727 370 2790 que
393 2705 532 2771 radicem
555 2705 696 2771 rettulit:
722 2714 755 2772 et
770 2704 846 2791 ἔρος
861 2714 893 2772 66
908 2707 1024 2773 suffixo
1045 2731 1102 2771 -no
1122 2714 1249 2772 anctum
1273 2705 1369 2790 ἔρνος
1394 2703 1445 2790 (cf.

308 2809 411 2894 ἴχνος,
432 2807 544 2892 ἔθνος)
565 2831 605 2875 ex
620 2808 728 2875 radice
743 2810 802 2874 illa
816 2811 912 2876 facile
928 2811 1125 2876 derivantur.

394 2915 543 2980 Getermn
559 2913 730 2979 Homerica
745 2915 903 2998 expressit
918 2922 1028 2981 auctor
1039 2915 1130 2980 λᾶαν
1146 2909 1313 2998 πελώριον
1327 2931 1358 2975 6.
1374 2915 1387 2973 1
1403 2939 1446 2964 =

310 3017 418 3099 ttae,
445 3016 638 3100 δυσμενέων
652 3009 720 3082 ὑπὸ
736 3022 852 3103 χερσίν
874 3021 1114 3098 v.5=T62,
1143 3011 1229 3100 ὁμοῦ
1244 3021 1301 3080 καλ
1319 3019 1449 3080 v.7=

311 3124 417 3204 6294,
445 3125 524 3204 ι69,
550 3125 665 3203 μ315,
685 3143 779 3207 παρα
795 3115 871 3186 θον
889 3115 1017 3197 ἆλὸςν
1030 3125 1235 3186 9--Α316.
1254 3123 1327 3202 327,
1348 3119 1446 3183 Ω12.

310 3226 362 3298 Ad
377 3225 521 3291 verbav
541 3217 698 3311 :lp'vdw
678 3247 750 3288 orca
763 3229 920 3312 προχέων
935 3226 977 3290 cf
988 3224 1190 3290 Pindaricum
1206 3224 1301 3308 Pyth.
1319 3171 1368 3304 lt),
1388 3223 1445 3284 56:

308 3323 451 3416 Ἐφυραί
451 3352 499 3393 ων
515 3322 563 3392 ὄπ
566 3322 682 3414 ’ἀμφὶ
697 3327 847 3415 Πηνεϊὸν
862 3329 1020 3413 γλυκεῖαν
1035 3326 1252 3414 προχεόντων
1271 3321 1366 3409 ἐμάν.

312 3471 515 3478 ..ι-..υ--ω

384 3556 401 3616 ¹]
422 3552 562 3609 Notabilis
589 3550 679 3607 forma
705 3555 810 3609 vitiosa
834 3569 889 3608 uno
908 3553 1042 3624 Hesychii
1066 3553 1230 3608 testimonio
1247 3549 1446 3620 comprobata:

311 3638 412 3712 πέλωρ·
434 3637 579 3714 πελώριον,
610 3637 735 3714 μακρόν,
755 3643 831 3712 μέγα
855 3648 885 3697 66
909 3637 1051 3712 πελώριος·
1075 3641 1180 3711 μέγας,
1211 3635 1356 3711 ustulatus:
1377 3653 1452 3707 quac

313 3729 426 3796 glossae
444 3744 499 3782 non
518 3729 573 3782 iam
591 3737 636 3782 cst
654 3744 703 3784 cur
722 3729 890 3784 damnentur
907 3744 970 3782 curn
989 3729 1025 3784 ll.
1047 3725 1212 3782 Schmidtio.

383 3813 403 3878 2)
423 3813 547 3886 Hesych.
562 3808 577 3864 ὃ
591 3814 688 3886 κέλωρ·
709 3809 778 3876 υἱός,
801 3812 927 3884 ἔγγονος.

382 3897 401 3961 ³)
424 3898 511 3954 Cuius
539 3901 650 3968 generis
675 3901 803 3968 exempla
827 3906 892 3954 sunt
917 3901 944 3954 iu
969 3901 1085 3970 papyris
1109 3899 1333 3954 Ptolemaeorum
1358 3899 1454 3948 aetate

315 3983 429 4052 scriptis
451 3987 535 4057 θροία
549 4007 580 4029 =
594 3989 662 4056 θρῖα
685 3987 793 4039 Noticcr
813 3991 837 4038 et
856 3987 967 4039 extruite
981 3987 1037 4040 vol.
1051 3983 1162 4039 XVlll²
1176 4001 1204 4052 p.
1220 3986 1283 4046 3043
1310 3976 1406 4047 ἇνὺνω
1420 4001 1452 4024 =

315 4067 421 4138 ἀνοὶγω
441 4071 477 4126 ib.
493 4090 520 4142 p.
530 4075 594 4136 323;
616 4069 747 4125 indatus
765 4075 902 4128 Leemans
918 4089 982 4142 pap.
996 4089 1037 4142 gr.
1053 4088 1123 4126 mus.
1139 4072 1229 4140 Lugd.
1244 4087 1271 4139 p.
1287 4071 1328 4122 ²6.

383 4159 403 4222 ⁴]
424 4157 455 4212 ln
468 4159 502 4212 G.
517 4157 607 4213 Curtii
620 4158 700 4213 Stud.
714 4159 755 4215 IV
768 4177 796 4229 p.
811 4163 869 4212 327.
935 4157 941 4166 ’
