3274 4934
683 419 897 477 ..ιι-

224 600 444 688 ρατροχάζειν
466 603 579 669 eodem
595 622 692 669 sensu
707 610 803 688 atque
820 604 880 670 boc
895 605 964 670 loco
979 604 1157 670 adhibitum
1172 605 1270 670 Anth.
1285 607 1355 671 Pal.

224 707 282 790 lx,
302 710 374 789 372,
395 711 444 790 4¹)
466 707 599 790 legitur:
624 707 687 773 nisi
702 707 788 790 quod
802 708 850 773 ibi
864 728 926 774 non
949 705 1201 794 παρατροχάζει
1222 707 1298 774 τινά
1313 734 1355 792 τι,

223 811 282 881 sed
297 807 549 896 παρατροχάζει
564 815 615 887 τίς
631 833 663 876 τι
677 811 879 878 construitur.

308 1019 420 1100 ltaque
435 1017 577 1084 Mosebio
598 1037 670 1084 cnm
692 1018 811 1084 tabella
833 1017 979 1085 conlecta
1002 1025 1034 1086 et
1056 1020 1233 1086 acrosticbo
1247 1019 1357 1087 addito

223 1121 375 1188 artificem
390 1141 425 1188 se
440 1121 610 1206 praestitit,
635 1127 702 1188 tum
717 1121 864 1187 variandi
887 1123 1024 1188 studium
1040 1123 1086 1189 ita
1102 1124 1301 1202 monstravit,
1324 1133 1358 1190 ut

223 1225 365 1290 carmina
387 1225 449 1290 tria
471 1231 503 1291 ct
523 1245 544 1289 a
564 1225 665 1290 tribus
687 1223 822 1290 diversis
848 1225 993 1310 personis
1019 1227 1145 1310 prolata
1170 1228 1305 1312 tingeret
1327 1235 1359 1293 ct

223 1329 312 1394 aliud
327 1329 391 1394 alio
403 1335 507 1394 metro
522 1333 735 1412 componeret.
776 1328 879 1394 blatra
894 1336 1000 1394 erutam
1021 1330 1093 1414 ipsa
1108 1351 1231 1414 quoque
1247 1339 1357 1397 aucto

222 1433 266 1498 ris
288 1432 409 1516 ingenii
430 1431 644 1498 testimonium
667 1431 776 1498 edunt.
814 1433 897 1497 Nam
921 1452 992 1498 cum
1012 1453 1125 1500 versus
1151 1435 1301 1500 carminis
1325 1440 1356 1499 A

178 1613 182 1621 ⁸
223 1536 275 1620 qui
299 1536 437 1602 hominis
463 1535 646 1620 interpretis
672 1541 761 1614 sunt,
791 1535 928 1610 maxime
955 1536 1079 1619 vulgari
1105 1544 1357 1604 tetrametrorum

222 1639 428 1706 iambicorum
451 1639 709 1705 catalectieomm
732 1645 832 1704 metro
848 1639 992 1722 concepti
1009 1639 1089 1720 sint,
1115 1640 1195 1706 deus
1214 1645 1268 1722 (0)
1291 1643 1358 1706 sol-

223 1743 319 1810 lemni
335 1743 574 1828 epigrammatis
586 1742 736 1828 dactylici
749 1742 847 1806 utitur
860 1749 960 1807 metro
972 1741 1120 1808 disticho.
1146 1743 1237 1821 Quod
1249 1752 1356 1810 autem

222 1867 243 1912 a
257 1848 368 1912 tabula
385 1846 556 1913 artificiose
578 1845 725 1912 confecta
740 1845 897 1930 profertur
919 1865 1045 1910 carmen
1061 1847 1093 1910 B
1108 1847 1263 1914 Sotadeos
1279 1849 1358 1912 scite

222 1953 449 2033 eleganterque
472 1949 662 2035 compositos
686 1949 816 2015 exhibet
838 1967 960 2014 versus.
999 1948 1061 2026 Qui
1086 1948 1128 2014 ad
1149 1949 1207 2016 boc
1225 1951 1358 2017 schema

223 2053 448 2121 suntconditi:

400 2193 422 2202 -
460 2171 486 2204 υ
522 2193 544 2201 -
582 2173 607 2203 υ
651 2155 903 2240 -ΙΙ-υυΙ-
948 2173 1067 2204 υ-υ
1110 2173 1182 2204 ..υ

399 2297 421 2306 ..
458 2275 484 2307 υ
521 2297 543 2306 -
580 2275 606 2306 υ
650 2259 836 2342 -ΙΙ-υυ
880 2260 1067 2344 -Ι..υυ
1110 2297 1178 2306 --

400 2402 422 2410 ..
461 2401 483 2410 -
521 2379 607 2412 vv
651 2361 837 2412 ..ΙΙ-υυ
880 2361 1067 2450 -Ι-υυ
1110 2401 1177 2409 --

401 2507 422 2514 -
462 2506 483 2513 -
521 2485 547 2516 υ
582 2483 608 2514 υ
652 2465 1066 2553 ..Ηυ-υΙ-Ιυ-υ
1111 2506 1178 2514 --

390 2570 839 2655 υυυ-υ-ΙΙ-υυ
883 2569 1182 2658 ,ιν-νη)
1336 2585 1350 2632 5

398 2715 420 2722 -
457 2691 606 2724 υυυυ
650 2675 835 2759 ..ΙΙ-νυ
881 2673 1064 2760 -Ιυ-υ

402 2819 422 2827 -
460 2798 486 2829 υ
522 2817 544 2826 -
582 2797 607 2827 υ
651 2779 834 2862 -Η-υυ
881 2777 1067 2864 -p..uu
1111 2817 1178 2825 --

460 2922 482 2930 -
520 2899 545 2928 υ
581 2903 606 2931 υ
650 2879 1069 2968 -Ηυ-υΙ-Ιυ-υ
1114 2921 1180 2930 --

400 3027 421 3034 -
458 3005 543 3036 υ-
580 3005 606 3034 υ
650 2983 1068 3071 -Ηυ-υΙ-Ι-υυ
1111 3024 1179 3032 --

307 3147 450 3230 Apparet
465 3162 575 3208 versus
590 3141 728 3208 maxime
745 3161 841 3227 puros
856 3159 944 3206 esse:
972 3161 1076 3224 neque
1100 3142 1183 3207 enim
1201 3143 1357 3208 molossus

222 3271 278 3336 pro
293 3249 397 3316 ionico
413 3270 433 3314 a
448 3245 560 3312 maiori
576 3265 678 3327 neque
694 3252 815 3330 septem
831 3265 988 3310 morarum
1012 3244 1115 3328 figura
1134 3248 1166 3328 l·
1184 3263 1209 3312 ,v
1225 3283 1246 3290 -
1263 3283 1285 3290 -
1302 3253 1359 3310 aut

222 3391 243 3402 -
258 3391 281 3399 -
297 3370 323 3401 υ
338 3355 371 3435 -l
397 3350 575 3426 invenitur;
603 3347 741 3414 trochaei
757 3349 886 3432 syllaba
901 3349 999 3431 longa
1013 3348 1062 3413 bis
1078 3349 1262 3414 dissolvitur
1277 3353 1356 3412 vsi)

222 3465 254 3524 ct
269 3461 299 3521 6.
333 3453 425 3534 Quod
442 3473 517 3518 vero
532 3452 574 3517 ad
588 3451 761 3516 ionicorum
785 3459 818 3516 ct
832 3451 1084 3518 ditrochaeorum
1100 3451 1356 3516 distributionem

222 3561 351 3640 attinet,
378 3559 411 3623 in
433 3576 583 3623 versuum
599 3555 796 3637 singulomm
818 3562 908 3640 parte
930 3555 1034 3638 priore
1053 3555 1155 3620 maior
1170 3555 1282 3620 horum
1298 3575 1359 3618 nu-

222 3683 342 3740 merus,
370 3661 402 3726 ln
417 3659 730 3746 posterioreillorum
746 3658 909 3724 adhibitus
924 3665 988 3724 cst:
1017 3677 1127 3724 versus
1143 3659 1254 3723 tertius
1270 3657 1358 3723 solus

222 3745 287 3833 tres
300 3766 440 3832 continet
453 3763 574 3829 ionicus
590 3782 698 3846 puros.
727 3763 794 3826 Iam
808 3781 883 3827 vero
898 3761 1044 3844 quamvis
1060 3761 1234 3845 diligenter
1246 3779 1358 3826 versus

222 3871 299 3938 faeti
321 3869 400 3948 sint,
424 3869 458 3934 in
479 3867 542 3932 fine
565 3865 700 3932 secundi
721 3864 813 3950 pedis
828 3885 923 3947 quam
940 3871 1146 3951 expectamus
1161 3863 1360 3931 desideratur

224 3973 378 4040 diaeresis
386 3973 427 4052 ης
446 3977 559 4053 quater
574 3975 696 4034 tantum
712 3968 855 4034 admissa
867 3975 930 4034 est:
953 3989 983 4032 v.
999 3973 1012 4032 1
1027 3969 1060 4032 in
1077 3988 1155 4034 voce
1171 3967 1356 4054 composita,

225 4113 429 4124 -———

292 4183 308 4246 ¹]
416 4174 483 4230 Ἀλλ’
501 4173 534 4226 or'r
550 4172 610 4245 μὰν
628 4177 775 4229 lanicium
793 4171 961 4236 ἐπαιάζοντα
981 4174 1146 4248 ποδὶστραις

484 4261 537 4316 τὰν
555 4261 710 4332 φιλαοιδὸν
729 4260 797 4314 ἰδὼν
815 4261 904 4314 naida
923 4258 1129 4334 παρετρόχασα.

291 4353 309 4420 ²)
331 4369 358 4406 v.
373 4348 522 4414 Hermann,
537 4347 624 4403 Elem.
640 4349 713 4404 doct.
730 4355 809 4403 metr.
824 4363 851 4416 p.
867 4348 927 4400 451.
