3226 4932
591 448 856 532 -pm-

240 637 357 702 Tribus
379 636 459 702 loeis
481 637 552 703 oola
573 636 733 722 dactylica
754 658 775 702 a
797 637 940 722 spondeo
961 637 1134 724 incipiunt:

308 725 897 807 msm0=mrtL2w-

689 845 803 930 ξανθᾷ
826 837 858 908 δ’
884 837 974 930 ἀμφὶ
996 841 1050 926 adp
1037 869 1086 930 μᾳ

688 947 745 1011 καὶ
767 958 892 1033 μοῖραν
914 946 1072 1014 θανάτου

307 1049 406 1116 Andr
434 1052 561 1114 773:
585 1051 657 1128 785,
684 1049 801 1116 Electr.
830 1052 958 1114 864:
982 1053 1063 1115 878:

236 1154 390 1217 „Lu-
441 1152 668 1200 -'--ww
693 1137 874 1238 1υι’.ι.-’

156 1257 215 1335 Qui
238 1255 446 1342 comparandi
469 1262 543 1321 sunt
564 1275 635 1322 oum
658 1256 789 1322 Pindari
811 1255 839 1320 N
864 1257 940 1322 VIII
962 1265 1018 1322 str.
1048 1261 1083 1320 1;

467 1361 539 1430 ι’.ι.
554 1375 891 1440 έυυ---ἱυ--,
914 1425 948 1440 ,,

152 1480 230 1546 Cum
260 1481 422 1566 spondeus
450 1479 507 1546 ille
536 1501 642 1564 neque
670 1480 820 1546 trochaeo
847 1486 952 1564 iquem
974 1481 1002 1546 N
1025 1481 1102 1547 VIII
1125 1487 1165 1545 10
1188 1503 1292 1548 remo-

153 1584 263 1666 vimus)
291 1605 396 1669 neque
420 1584 551 1669 dactylo
573 1584 726 1668 varietur,
752 1585 841 1668 apud
863 1585 1037 1650 Pindarum
1060 1591 1093 1651 et
1114 1585 1203 1670 apud
1225 1586 1291 1650 Ειι-

153 1686 287 1772 ripidem
311 1687 447 1771 eogitari
469 1694 574 1773 potest
596 1687 637 1753 de
659 1705 810 1753 mensura
832 1705 858 1740 L
876 1703 902 1740 L
919 1725 942 1734 -
930 1688 1030 1751 'Q
1055 1736 1061 1749 .
1084 1737 1104 1770 .‚
1134 1689 1227 1770 quasi
1250 1689 1291 1753 sit

153 1790 314 1875 spondeus
335 1791 392 1857 ille
415 1791 562 1876 epitritus
586 1797 798 1876 syncopatum
836 1798 971 1875 possunt
991 1798 1099 1856 tamen
1122 1791 1218 1856 etiam
1241 1792 1290 1856 al-

150 1895 323 1960 loeometra
356 1893 427 1960 oola
460 1894 557 1960 stanni
587 1893 758 1979 desumpta
786 1913 826 1959 ex
856 1914 895 1960 eo
924 1913 1043 1977 genere
1074 1894 1286 1979 stropharum,

118 2080 127 2088 ι
149 1997 233 2079 quod
255 1997 412 2063 habemus
435 1995 462 2064 0
484 1997 523 2062 V.

233 2100 341 2167 Semel
369 2100 496 2184 (Troad.
522 2101 585 2166 800
600 2130 642 2156 =
658 2102 731 2185 811)
758 2099 881 2167 inserta
903 2107 952 2166 est
973 2099 1156 2186 hexapodia
1177 2101 1289 2186 dacty-

147 2203 209 2269 lioa
231 2203 436 2270 sataleotioa:

256 2307 382 2354 Lw-
397 2322 484 2354 w-
500 2323 587 2354 w-
602 2321 688 2354 w-
703 2323 754 2353 w
771 2323 837 2360 ι,-
824 2306 949 2390 'Ju-
1001 2306 1091 2353 Lw
1167 2356 1173 2367 ,

146 2429 229 2493 quae
254 2409 289 2474 in
311 2429 430 2493 genere
453 2409 591 2495 diplasio
613 2409 711 2476 statui
733 2415 850 2496 potest.
896 2409 973 2475 Post
996 2409 1055 2476 hoo
1077 2355 1181 2476 oolum
1204 2409 1288 2475 divi-

146 2514 195 2579 sio
217 2533 330 2579 versus
353 2513 468 2580 eadem
490 2512 527 2579 fit
547 2533 587 2580 ao
609 2513 703 2578 Pind
729 2511 822 2579 0v1
845 2519 901 2580 str.
929 2518 959 2577 5

232 2703 540 2788 Aristophanes
573 2702 704 2768 Pindari
737 2701 909 2786 prosodion
943 2703 1087 2768 imitatus
1120 2711 1170 2768 est
1202 2702 1285 2784 Equ.

146 2808 359 2870 1263-1289
383 2837 425 2862 =
450 2808 673 2888 1290-1315,
705 2805 760 2871 ubi
782 2825 895 2872 versus
922 2809 1003 2869 1270
1026 2836 1068 2860 =
1096 2807 1175 2870 1298
1200 2805 1287 2872 exitu

143 2909 299 2974 feminino
321 2909 457 2992 insignis
479 2916 540 2990 est,
566 2930 637 2974 oum
662 2909 826 2994 proximus
848 2909 890 2974 ab
914 2909 978 2974 arsi
1001 2909 1150 2994 inoipiat;
1188 2910 1288 2974 inter-

143 3013 298 3096 pungitur
321 3019 427 3078 autem
449 3012 484 3077 in
506 3011 634 3088 antoda
663 3011 697 3076 in
717 3011 792 3108 ode·
806 3012 966 3078 sententia
987 3012 1093 3078 levius
1116 3011 1283 3078 inciditur:

335 3225 517 3303 ...πεινῇ
546 3220 709 3303 θαλεροῖς
740 3217 936 3304 δακρύοισιν
966 3221 968 3298 i
1002 3224 1064 3294 σᾶς
1095 3211 1287 3299 ἁπτόμενος

558 3327 749 3408 φαρέτρας·

142 3431 212 3488 ant.
336 3422 496 3502 ...τοὺς
519 3419 555 3490 d'
582 3419 773 3508 ἀντιβολεῖν
797 3419 838 3490 ἂν
861 3418 1001 3507 ὁμοίως·
1040 3427 1043 3510 i
1079 3419 1133 3489 ‘id'
1158 3413 1185 3488 ὦ
1207 3421 1281 3500 ἄνα,

557 3525 645 3614 πρὸς
668 3526 831 3612 γονάτων,

141 3628 226 3694 Cum
249 3630 396 3696 clausula
418 3630 633 3716 ithyphaliioa
655 3630 707 3696 hio
729 3649 855 3715 quoque
878 3637 1044 3716 appareat,
1071 3632 1213 3714 sequitur
1231 3641 1286 3697 aut

139 3731 393 3816 Aristophanem
415 3754 479 3799 non
501 3741 636 3800 metrum
659 3733 756 3800 totius
780 3733 863 3799 odae
886 3754 906 3800 a
927 3733 1066 3799 Pindaro
1094 3734 1281 3819 sumpsisse,

139 3841 199 3900 aut
214 3833 388 3901 Pindarum
411 3837 445 3901 in
465 3836 634 3922 prosodiis,
661 3836 746 3919 quod
761 3855 864 3920 genus
879 3857 1016 3923 poeseos
1031 3839 1187 3922 populare
1203 3845 1282 3919 erat,

138 3938 249 4022 ipsum
273 3959 398 4023 quoque
421 3958 512 4005 usum
537 3959 609 4006 esse
632 3940 779 4005 clausula
800 3938 1024 4026 ithyphallioa.

229 4042 315 4108 Nub.
336 4047 508 4107 457-475
531 4043 654 4109 inserta
675 4051 724 4110 est
744 4045 783 4126 (v.
804 4046 877 4127 459)
897 4042 1093 4129 pentapodia
1109 4043 1281 4129 dactylica,

137 4146 234 4212 onius
256 4146 343 4232 apud
366 4146 540 4213 Pindarum
564 4147 627 4212 duo
650 4153 761 4213 extant
783 4147 943 4232 exempla,
968 4146 1118 4232 idemque
1141 4146 1176 4214 Iit
1191 4148 1285 4214 Paois

137 4271 171 4314 v.
201 4250 263 4314 788
286 4279 328 4305 =
352 4249 427 4314 810.
473 4249 616 4335 xSeptem
648 4249 769 4335 daotyli
798 4250 869 4335 pun'
899 4250 1058 4317 eoniunoti
1089 4258 1163 4317 sunt
1191 4252 1284 4318 Paois

137 4372 172 4416 v.
201 4354 263 4416 795
287 4381 327 4406 =
353 4357 432 4433 815,
467 4353 522 4436 qui
553 4353 758 4438 comparandi
788 4359 862 4418 sunt
890 4373 961 4420 oum
991 4353 1090 4439 Soph.
1123 4354 1172 4418 Αἱ.
1210 4359 1282 4419 171.
