3238 4930
827 445 916 529 [rso]

446 637 514 722 (ht)
538 637 649 702 σκότον
676 635 765 722 νέφος
788 634 863 718 hats
885 635 1069 721 αἸπότροπον
1090 639 1287 721 ἐπιπλόμενον

499 740 618 827 ἄφατον
640 739 819 822 ἀδάματὸνΙ
841 767 872 804 τε
896 743 945 804 καὶ
969 741 1159 824 descriptores
1180 741 1225 808 ὅν.
1310 817 1314 826 ¹

345 856 409 912 uni.
448 846 512 928 (ht)
537 850 636 934 φίλος,
659 843 696 912 ori
718 847 777 927 priv
798 843 872 926 ἒμός
895 849 1037 925 ἕπίπολος
1059 848 1102 912 ἔτι
1124 846 1258 928 μόνιμος·

456 949 500 1016 ἔτι
525 949 581 1034 γὰρ
605 949 761 1031 ὑπομένεις
781 951 786 1031 Ι
804 975 844 1031 με
869 947 920 1014 τον
943 948 1058 1035 τυφλὸν
1080 951 1228 1035 κηδεύων.

405 1055 497 1130 Quae
521 1055 704 1121 distributio
732 1056 801 1119 sine
831 1054 930 1120 dubio
961 1056 1051 1140 gravi
1081 1057 1337 1142 interpunctione
1369 1067 1445 1144 post

302 1151 493 1224 vo'csbulum
506 1158 634 1240 μόνιμος
646 1180 708 1243 quo
724 1159 923 1226 enuntiatum
936 1159 1044 1225 finitur
1054 1159 1271 1226 intercedente
1284 1183 1445 1228 commen·

301 1263 405 1329 detur.
450 1263 571 1329 Versus
594 1265 675 1329 alter
698 1269 823 1328 constet
844 1283 862 1326 c
885 1263 1042 1331 dochmio.
1073 1285 1166 1349 quom
1199 1265 1317 1350 excipit
1345 1274 1444 1332 tetro-

301 1368 397 1454 podic
419 1367 555 1432 iembics
576 1369 671 1432 tertio
695 1366 778 1452 pede
798 1375 984 1453 syncopato,
1007 1387 1090 1452 quse
1108 1368 1287 1435 coniunctio
1305 1371 1443 1434 occurrit

301 1494 330 1537 e.
352 1495 382 1556 g.
405 1472 521 1536 Aesch.
545 1470 688 1558 Choeph.
712 1474 776 1536 940
791 1490 799 1532 :
815 1475 878 1536 950
901 1471 989 1536 ἔλασε
1011 1475 1041 1535 δ’
1065 1474 1095 1548 ἐς
1119 1470 1153 1536 τὸ
1177 1479 1237 1534 πᾶν
1258 1474 1263 1554 Ι
1292 1471 1309 1537 ὁ
1336 1481 1440 1538 πυθο-

298 1575 437 1660 χρήστος
467 1573 580 1660 φογᾶςε
615 1583 681 1642 ant.
712 1574 968 1658 προςαγορεῦομεν
996 1601 1000 1630 ¹
1026 1579 1129 1657 βροτοὶ
1160 1575 1308 1659 τυχόντες
1335 1583 1444 1656 καλῶς,

301 1679 379 1745 Eur.
408 1679 457 1745 ΕΙ.
491 1683 603 1748 1152:
628 1681 710 1745 1162
745 1681 875 1762 πατρίδα
914 1679 1097 1761 δεκέτεσινΙ
1127 1687 1284 1760 σποραῖσιν·
1319 1679 1444 1746 ἐλθόντ’

302 1781 394 1864 iperii:
419 1789 483 1849 ant.
506 1783 600 1861 πόσις,
623 1783 640 1849 b'
664 1785 696 1848 τί
721 1809 796 1850 ποτε
817 1779 875 1847 τᾶν
893 1785 898 1866 Ι
919 1782 1063 1848 τάλαιναν
1084 1783 1173 1868 ἔσχεν
1195 1782 1294 1862 κακόν,
1317 1785 1444 1851 Phoen.

306 1889 404 1952 1287:
418 1891 508 1972 1299,
525 1890 593 1954 eliis
609 1889 699 1971 locis,
716 1887 769 1952 ubi
785 1888 930 1972 plerique
949 1889 1007 1953 viri
1023 1889 1109 1954 docti
1126 1909 1251 1953 versum
1273 1897 1446 1956 secernunt

302 1993 334 2056 in
358 1992 440 2058 duos
460 1992 625 2059 dochmios
642 1993 781 2058 iambum
798 1991 1008 2058 includentes.
1052 1993 1202 2058 Fortasse
1226 1993 1373 2058 omnibus
1396 1995 1446 2059 his

301 2096 378 2162 locis
401 2097 506 2182 aptius
529 2097 707 2162 secernitur
729 2095 896 2162 dochmius
918 2117 938 2162 e
962 2096 1155 2184 tctrspodis.

406 2308 426 2369 8
450 2313 483 2370 et
506 2305 540 2386 9)
563 2303 639 2370 Eur.
663 2303 735 2391 Iph.
758 2303 854 2369 Tsrrr.
878 2306 934 2369 871
960 2310 992 2369 et
1007 2305 1070 2369 872
1094 2325 1165 2368 cum
1189 2303 1287 2388 vulgo
1308 2304 1354 2369 ita
1378 2304 1443 2369 dis·

303 2410 506 2495 tinguantur:

509 2510 589 2593 nupsi
611 2517 637 2578 δ’
661 2511 760 2595 ὀλίγον
782 2511 946 2598 οἷπὲφυΙγος
967 2509 1100 2596 ὄλεθρον
1121 2511 1242 2576 οἷνόσιον

511 2618 558 2700 (ἔξ
581 2619 659 2698 ἐμᾶν
677 2622 682 2698 Ι
703 2621 842 2701 δαὶχθνὶς
861 2615 990 2702 χορῶν),

303 2730 428 2790 constet
449 2725 536 2788 locus
560 2745 578 2786 s
601 2724 734 2788 dimetro
758 2721 942 2788 dochmicco
968 2729 1000 2786 et
1016 2743 1080 2787 uno
1098 2723 1214 2787 cretico
1232 2728 1264 2787 et
1281 2720 1442 2804 dochmio,

303 2829 418 2914 quibus
441 2849 459 2892 e
482 2826 637 2892 dochmiis
661 2827 725 2891 duo
745 2828 877 2913 priores,
901 2829 955 2913 qui
971 2825 1115 2892 thesibus
1131 2827 1243 2892 solutis
1259 2825 1444 2904 decurrunt,

303 2953 433 2997 cessure
456 2940 528 3018 post
550 2934 684 3018 primam
707 2931 811 2996 thesin
834 2937 953 2996 carent.

409 3035 499 3101 Idem
511 3043 618 3101 tumen
628 3036 718 3101 iocus
731 3042 838 3122 potest
850 3035 946 3099 etiam
956 3035 998 3099 its
1011 3034 1171 3120 distingui,
1188 3041 1223 3100 ut
1234 3039 1370 3100 creticus
1379 3054 1445 3098 non

304 3142 470 3224 inseretur,
494 3139 551 3206 sed
573 3140 743 3226 praecedet
764 3141 865 3204 tribus
889 3139 1043 3204 dochmiis
1058 3139 1148 3226 isque
1165 3138 1308 3205 thesibus
1329 3138 1469 3203 solutis.

303 3245 450 3330 insignis:
474 3242 556 3326 παρά
579 3243 736 3327 ‹5’o'tr'you¹
777 3245 816 3310 In
839 3245 940 3329 primo
957 3245 1052 3308 trium
1068 3243 1287 3310 dochmiorum
1303 3263 1443 3328 sequen·

303 3349 382 3414 tium
405 3349 496 3414 deest
518 3347 645 3434 quidem
669 3369 818 3432 caesurc3
848 3347 905 3413 sed
927 3349 990 3412 iem
1014 3345 1101 3413 Weii
1132 3347 1238 3433 aptius
1268 3345 1368 3410 verbs
1397 3345 1443 3409 its

304 3454 454 3519 colloosri
477 3453 565 3534 vidit,
588 3462 624 3517 ut
646 3452 838 3518 adiectivum
861 3475 881 3517 e
904 3453 1102 3519 substantivo
1125 3451 1222 3518 verbo
1249 3451 1441 3535 interposito

303 3559 535 3643 seiungeretur.
572 3559 648 3644 Ipse
671 3559 717 3624 its
739 3558 918 3644 transponit
932 3557 1034 3661 uerbo
1052 3553 1172 3621 driuson
1186 3554 1341 3640 ἀπέφυγες
1358 3557 1361 3634 Ι
1377 3550 1445 3618 ὄλε-

389 3727 511 3735 ψ--Ᾰ

407 3841 416 3874 ¹
436 3838 525 3892 Minus
543 3839 632 3906 plocst
645 3837 772 3892 Schoenii
786 3843 812 3888 et
826 3835 960 3904 Koechlyi
973 3835 1083 3901 divisio,
1097 3833 1144 3902 qui
1158 3837 1274 3900 utroque
1287 3829 1348 3884 δείν’
1360 3831 1445 3894 ἔτλαν,

308 3926 381 3994 qnod
401 3925 480 3978 codd.
499 3925 526 3978 in
547 3942 628 3979 uersu
647 3927 830 3993 praecedente
849 3922 989 3989 exhibent,
1007 3925 1115 3973 retento
1129 3919 1214 3972 verbs
1227 3917 1293 3986 παρά
1312 3915 1337 3968 δ’
1358 3915 1446 3990 ὀλίγον

303 4027 364 4064 cunr
385 4027 450 4064 voco
471 4018 593 4066 extremo
612 4013 713 4086 ξύγγονε
732 4013 759 4064 in
780 4025 872 4064 versus
891 4007 1043 4061 dochmisci
1066 4006 1181 4059 formem
1201 4003 1381 4068 coniungunt,
1405 4003 1444 4055 sic

305 4097 469 4150 scribentes:

564 4183 583 4236 si
600 4187 675 4254 pelio
693 4184 775 4242 δεινᾶς
789 4183 794 4245 Ι
810 4182 909 4250 τόλμας.
928 4179 989 4234 ‹tsrr’
1009 4183 1089 4244 ἴτλσν,

563 4271 624 4325 δείν’
641 4273 724 4336 ἔτλαν,
743 4271 823 4339 cipes!
841 4267 951 4340 ξύγγονε.
970 4265 1038 4338 nupsi
1055 4266 1175 4337 δ’ὖὶίγον,

304 4414 351 4468 ubi
369 4410 484 4465 offendit
503 4411 612 4465 litteras
629 4435 642 4463 e
659 4413 687 4463 in
707 4411 796 4461 sltsro
813 4411 889 4462 trior
908 4407 1060 4474 productio.
