3248 4928
635 443 677 452 -
725 407 809 488 [clo]
857 444 898 453 -
1292 408 1330 469 37

201 599 364 681 θέστεραν
387 595 440 660 vix
463 600 672 661 autumasset.
720 593 885 678 Significat
915 595 999 660 enim
1029 595 1192 662 laudatum
1220 599 1334 665 comici

198 719 324 765 versum
353 719 392 766 eo
421 699 490 764 loco
519 699 718 765 Eustathius.
755 697 867 784 [Αἰγὶς
889 736 932 747 -
958 719 990 784 p.
1011 703 1051 763 30
1083 711 1203 798 ηορεῑν
1229 703 1330 786 illust.

198 804 292 868 Hom.
318 805 392 868 602.
418 803 491 884 6111)
518 802 619 869 Phav.
645 806 701 868 59:
744 807 887 889 τραγέας
916 803 1020 885 Eust,
1062 807 1201 889 τραγέας
1228 806 1328 872 Pbav.

198 905 280 972 sud.
312 905 316 992 J
347 913 472 993 τραγᾶς
502 906 611 990 hinet,
651 918 767 994 τραγῖς
796 907 898 972 Phav.
930 907 1013 972 Eud.
1041 906 1044 992 i
1075 908 1195 996 λυκέην
1224 909 1329 994 Eust,

197 1012 314 1098 λυκέην
342 1010 444 1076 Pbav.
468 1010 552 1076 Eud.
581 1011 584 1096 i
617 1005 854 1097 ἀμαθέστερον
883 1011 974 1077 Eust.
1005 1031 1076 1077 oum
1102 1011 1329 1100 Aristophane,

197 1107 450 1200 εὐμαθέστερον
478 1114 579 1180 Phav.
604 1114 686 1181 Eud.
713 1117 716 1200 l
741 1111 883 1202 τριχώδη
913 1115 1019 1199 Eust,
1060 1112 1197 1204 πηχώδη
1226 1117 1328 1184 Phav.

197 1217 308 1300 sudi.
341 1217 355 1303 ss
384 1218 421 1283 P.
443 1220 503 1286 152
525 1223 558 1283 et
581 1219 642 1281 379
666 1211 840 1305 εὐκίνητον
861 1216 942 1284 sud.
969 1225 1001 1284 et
1027 1218 1124 1300 [Eust.
1143 1219 1236 1285 Hom.
1256 1225 1327 1308 763)

198 1320 298 1385 Phav.
328 1323 426 1404 1692,
461 1318 634 1408 ἐκκίνηνον
666 1320 764 1387 editio
792 1321 952 1386 Eustathii
980 1321 1193 1405 Weigeliana.
1248 1323 1334 1403 Quid

196 1423 385 1490 Eustathius
413 1425 576 1510 scripserit
596 1445 660 1491 non
683 1423 853 1510 perspicio.
900 1424 955 1512 An
974 1421 1176 1512 ἐκκύνηνον1
1218 1426 1331 1511 Neque

194 1519 351 1612 ‘Porioyob
373 1521 410 1616 ἢ,
448 1535 483 1595 ut
511 1529 545 1595 in
574 1528 688 1596 eadem
718 1528 857 1596 editione
888 1547 1075 1614 expressum
1102 1535 1167 1613 est,
1205 1530 1333 1616 scripsit

197 1632 288 1698 Eunt.
306 1632 399 1698 Hom.
422 1634 514 1716 1688,
541 1631 599 1698 sed
610 1626 818 1719 Ῥοδογούνη,
846 1631 932 1715 quod
953 1632 1052 1698 habet
1074 1633 1156 1698 llud.
1181 1656 1214 1720 p.
1233 1637 1305 1699 346.
1324 1635 1333 1721 i

198 1736 278 1819 Pag.
303 1743 410 1803 autem
434 1739 495 1802 327
520 1736 723 1803 Eustatbium
751 1736 794 1802 ad
816 1737 908 1803 Hom.
934 1758 966 1822 p.
989 1737 1069 1800 1875
1093 1736 1246 1804 describit
1266 1739 1333 1804 Eu-

199 1839 291 1906 dooia
314 1841 408 1925 eique
431 1841 538 1907 omnia
560 1841 674 1924 debet,
711 1861 794 1926 quae
815 1840 849 1905 in
871 1847 960 1906 textu
990 1839 1088 1906 habet
1117 1841 1219 1907 codex
1242 1843 1332 1908 Pari-

199 1943 288 2010 sinus
317 1966 338 2011 a
367 1944 559 2022 Πανδίονος
588 1965 665 2012 voce
695 1965 796 2028 usquc
823 1943 866 2010 ad
896 1943 1027 2010 exitum.
1081 1943 1130 2009 Ex
1160 1965 1221 2028 quo
1249 1967 1332 2030 quae

197 2047 388 2134 deprompta
409 2070 473 2116 non
497 2055 581 2133 sunt,
608 2069 647 2115 ea
662 2048 770 2114 omnia
791 2067 903 2130 margo
918 2047 1037 2113 codicis
1060 2049 1203 2133 praebet,
1228 2069 1332 2134 neque

196 2152 336 2236 nomina,
368 2153 479 2238 qualia
500 2153 639 2219 nuncin
661 2151 786 2219 violarii
810 2150 949 2218 editione
971 2152 1138 2236 leguntur,
1171 2153 1213 2219 ab
1242 2153 1333 2220 initio

197 2255 229 2320 in
253 2254 361 2322 codice
385 2257 504 2342 scripta
526 2263 628 2323 erant.
669 2257 809 2322 Procnes
832 2255 916 2322 enim
936 2261 969 2320 et
984 2255 1182 2322 Philomelae
1204 2257 1333 2324 nomina

197 2359 231 2424 in
252 2359 372 2426 rasuris
401 2360 447 2426 ibi
469 2361 627 2443 leguntur,
660 2366 696 2425 ut
716 2365 897 2444 permutata
919 2379 959 2425 ec
980 2379 1001 2424 a
1023 2359 1155 2425 falsario
1177 2379 1249 2426 esse
1272 2381 1333 2446 pa-

195 2469 273 2529 teat.
312 2463 421 2530 Habet
441 2469 549 2530 antem
572 2483 682 2547 margo
705 2463 803 2530 haec:
831 2459 865 2528 ἐκ
885 2459 1028 2549 Θρᾴκης,
1055 2469 1086 2528 et
1109 2461 1196 2539 τινὲς
1219 2463 1333 2551 δὲτὴν

199 2564 460 2654 Φιλομηλαν-
490 2561 763 2654 ἆντωρνεαριένην,
800 2573 832 2632 et
854 2560 933 2650 Ἵνα,
954 2561 1023 2631 'ire
1046 2564 1195 2643 ἐλεεινῶς
1221 2571 1332 2652 φθέγ-

197 2691 313 2755 γανσα.
360 2671 473 2737 Intulit
501 2691 541 2737 ea
571 2669 722 2736 falsarius
752 2691 769 2736 e
792 2671 903 2754 glossa
929 2669 1144 2790 superiorep.
1166 2674 1228 2735 240
1252 2673 1331 2758 περὶ

190 2769 307 2856 Ἰταας,
343 2774 427 2840 ubi'
419 2795 451 2839 m
474 2773 619 2859 margine
642 2772 814 2860 adscripsit
843 2773 937 2839 haec:
975 2770 1061 2838 κατά
1083 2797 1194 2856 τινας,
1230 2767 1274 2851 ὡς
1296 2773 1333 2841 ἐν

198 2884 243 2962 τῷ
266 2877 346 2964 περὶ
367 2875 562 2954 Πανδίονος
585 2873 798 2964 λεχθήσεται,
825 2897 908 2959 quae
930 2876 963 2941 iu
986 2883 1074 2943 textu
1097 2878 1204 2964 posuit
1218 2879 1333 2944 Villoi-

197 3001 265 3048 son.
313 2983 484 3048 Praeterea
511 2981 555 3046 ibi
586 2999 712 3064 quoquc
742 2980 872 3046 nomina
901 2979 1099 3047 Philomelae
1129 2987 1161 3046 et
1190 2981 1331 3049 Procnes

197 3085 232 3150 in
254 3087 375 3151 rasuris
398 3091 518 3151 extant.
567 3085 672 3150 Debet
693 3083 889 3170 superiorem
919 3083 1061 3167 glossam
1084 3083 1226 3150 Eudocia
1247 3086 1333 3151 Pha-

197 3189 306 3256 vorino
327 3210 360 3275 p.
377 3192 438 3254 962
458 3188 575 3271 (Schol.
590 3189 644 3254 Ar.
663 3189 724 3253 Ar.
743 3190 815 3270 212]
841 3187 909 3274 [της
925 3179 1030 3252 αὐτοῦ
1045 3195 1189 3275 γαμετῆς
1206 3188 1327 3272 Schol.‚

198 3299 255 3378 της
279 3289 414 3358 ἑαυτοῦ
436 3315 514 3376 pop.
540 3291 640 3356 Phar.
661 3289 771 3374 liudi.
818 3290 954 3357 Videtur
975 3298 1081 3357 autem
1101 3291 1245 3358 Eudccia
1267 3292 1333 3378 pm'-

198 3415 282 3460 mum
307 3415 347 3462 ex
370 3394 539 3462 Eustathio
562 3395 739 3461 correxisse
762 3394 903 3479 glossam
925 3415 958 3479 p.
978 3397 1049 3476 240,
1077 3402 1143 3460 tum
1160 3395 1333 3462 Phavorini

196 3499 350 3565 lectiones
372 3499 418 3565 ibi
440 3499 618 3566 restituisse
637 3498 831 3582 easdemque
853 3497 1000 3564 intulisse
1023 3499 1056 3564 in
1078 3499 1231 3584 paginam
1255 3503 1329 3564 327.

282 3707 353 3791 14.
400 3705 632 3773 APOLLONII
666 3705 817 3773 RHODII
850 3705 1125 3773 SCHOLIORUM
1157 3705 1222 3771 iam
1256 3707 1331 3772 Keil

201 3810 272 3896 (Ap.
290 3810 349 3876 Rh.
377 3811 428 3877 ed.
448 3811 571 3876 Merkel
595 3833 627 3896 p.
646 3813 717 3894 300)
745 3831 808 3876 non
831 3809 1016 3876 melioribus
1038 3808 1213 3874 Eudociam
1236 3829 1331 3894 quam

196 3933 255 3979 nos
278 3913 367 3980 libris
390 3931 480 3980 usam
512 3933 584 3980 esse
610 3913 784 4000 perspexit.
831 3913 993 3980 Ecdeme
1016 3911 1104 3978 sonte
1126 3919 1222 3997 atque
1245 3914 1332 3979 Lau-

196 4019 376 4086 rentianum
392 4019 522 4084 XXXII
537 4023 568 4102 9,
595 4038 793 4085 communem
816 4024 994 4084 nostrorum
1018 4017 1208 4084 scholiorum
1232 4017 1332 4102 origi-

197 4144 289 4208 nem,
320 4123 485 4190 Eudociae
515 4123 641 4208 glossas
670 4123 849 4209 descriptas
875 4142 948 4189 esse
979 4121 1080 4188 Flach
1111 4143 1182 4189 cum
1212 4144 1243 4208 p.
1272 4127 1332 4187 125

197 4227 368 4310 existimet,
401 4227 511 4312 procul
534 4249 555 4292 a
577 4245 652 4292 vero
674 4228 776 4295 abest.
824 4227 908 4292 Nam
939 4245 1010 4291 cum
1040 4225 1101 4291 tria
1128 4225 1332 4310 distinguan-

194 4337 247 4400 tur
281 4351 403 4420 genera
439 4331 629 4400 scholiorum
667 4330 846 4421 Apollonii,
891 4331 1026 4420 primum
1065 4330 1326 4416 Laurentianum,
