3244 4932
306 443 344 505 16
727 415 730 422 ’
826 438 916 522 [154]

350 639 413 696 ant.
458 631 506 694 rt'u
527 629 581 694 ὀῦν
602 628 828 714 τὸιὸὀύχάζετάι
852 657 882 694 τι
907 628 954 695 auh
977 630 1091 696 δέδοικε
1113 637 1230 715 βροτῶν

457 737 532 815 ἕμόυ
556 733 656 798 κλύων
680 732 800 816 θεσμόν
822 733 874 798 τᾶν
897 731 1121 818 μοιρόκραντον’
1143 739 1176 800 ἐκ
1201 743 1286 801 &suiv

456 837 591 903 lotium
613 837 725 902 τέλεον·
749 836 795 902 ἔπι
820 837 905 919 titana
929 838 1020 921 γέρασ
1042 837 1169 904 παλαιόν
1189 840 1226 906 ov'
1238 845 1245 884 ¹

458 939 686 1023 δᾶτιμίασκυριῦ
707 939 754 1004 acie
777 967 831 1022 περ
853 941 1016 1026 ὑποχθόνα

456 1045 537 1122 τάξιν
560 1045 669 1136 ἔχουσα
692 1044 740 1110 καὶ
764 1045 903 1131 δυσήλιον
925 1047 1046 1133 antiquo·

404 1151 497 1218 Haeo
512 1150 661 1236 parodus‚
678 1172 771 1236 quam
788 1153 954 1218 iambicam
970 1175 1039 1219 esse
1050 1156 1152 1240 primo
1166 1157 1280 1221 obtutu
1292 1167 1436 1244 apparet,

301 1265 337 1322 ut
359 1258 392 1322 in
414 1257 485 1321 oola
509 1255 726 1335 distribuatur,
751 1277 832 1342 quae
857 1265 963 1321 utrum
987 1279 1044 1343 per
1066 1281 1102 1326 se
1125 1261 1246 1343 positos
1262 1263 1437 1327 versiculos

301 1362 463 1428 effecerint
486 1381 526 1424 an
548 1363 580 1424 in
605 1361 785 1446 longiorum
808 1381 956 1426 versuum
980 1384 1114 1448 oorpona
1136 1365 1199 1430 sint
1221 1365 1437 1430 contrahenda

300 1465 377 1532 nihil
401 1463 441 1528 ad
464 1484 531 1527 rem
554 1462 660 1546 refert,
683 1471 806 1529 constet
830 1487 871 1530 ex

300 1610 317 1640 υ
338 1606 372 1617 -·
394 1605 412 1640 υ
431 1607 470 1618 -
532 1597 572 1618 ³
592 1606 609 1636 υ
628 1604 668 1614 -
704 1586 861 1653 tetrapodia
879 1587 958 1640 iamh.
978 1588 1060 1640 tertio
1079 1588 1148 1656 pede
1167 1593 1319 1656 aynoopata

299 1691 470 1728 υ”υ-
532 1683 667 1725 ι--υ···

300 1777 318 1814 υ
337 1781 375 1790 -·
394 1785 412 1818 υ
432 1777 470 1788 -·
554 1770 591 1794 b-
619 1769 652 1794 *-
775 1797 787 1825 ,
904 1798 916 1824 ,,
990 1761 1073 1812 tertio
1092 1769 1119 1813 et
1138 1766 1235 1828 quarto
1252 1759 1323 1828 pede
1341 1778 1418 1830 ayne.

300 1867 318 1899 U
338 1865 367 1872 “
394 1869 413 1902 υ
430 1864 469 1874 ““
515 1866 532 1900 U
552 1865 589 1878 ‘⁸
609 1865 627 1900 U
647 1864 684 1874 ’'-

300 1951 318 1986 υ
337 1953 376 1963 -
394 1954 413 1988 υ
437 1925 472 1987 ω
514 1952 532 1986 υ
550 1927 584 1986 ῡῡ
610 1956 628 1987 υ
648 1953 686 1961 -
706 1921 793 1973 tribua
812 1921 973 1990 tetrapodiis
991 1923 1115 1978 iambicis
1134 1941 1186 1976 non
1206 1925 1365 1992 syncopntis

299 2033 686 2074 υ”υ“υ“υ“

300 2123 318 2159 υ
336 2125 376 2135 -·
394 2129 412 2160 υ
433 2125 470 2137 ··
488 2131 506 2160 υ
525 2125 562 2135 -
705 2103 826 2170 tripodis
844 2103 982 2157 iambicos-¹

403 2192 555 2278 Sequitur
578 2193 760 2274 versiculus,
785 2191 909 2275 dequo
933 2192 1079 2276 quaestio
1104 2199 1153 2258 est

505 2303 558 2360 alr.
588 2299 830 2373 togotonatnata
852 2339 871 2368 o
887 2307 922 2368 ῡῡ
943 2331 977 2341 -
999 2333 1016 2366 υ
1035 2333 1074 2342 -

497 2406 561 2464 ant.
592 2400 696 2482 aalma
718 2397 778 2463 ὑπὸ
801 2399 905 2483 χθόνα
929 2439 968 2448 -
986 2409 1021 2472 ῦῡ
1039 2437 1079 2446 -
1097 2443 1114 2471 o
1134 2437 1183 2484 -‚

300 2524 392 2590 quem
417 2504 534 2589 ancipit
556 2504 739 2590 hexapodia
762 2505 822 2569 hae
844 2505 947 2571 forma
971 2506 1156 2591 oonspieua:

609 2629 1111 2664 -uu-u-u-u-u-.

401 2712 587 2777 Versiculua
614 2714 668 2778 ille
698 2713 783 2779 viros
812 2713 923 2779 dootos
953 2714 1153 2778 multifariam
1187 2713 1323 2779 vexavit.
1370 2711 1434 2786 Qui

300 2835 370 2880 oum
392 2822 529 2880 metrum
550 2817 709 2900 explicare
735 2837 799 2881 nou
826 2825 965 2903 possent,
993 2839 1063 2882 oum
1092 2817 1308 2902 antistrophae
1335 2815 1433 2878 verba

243 2943 245 2946 ·
298 2917 376 2983 nihil
411 2919 551 2984 habeant
584 2921 617 2984 in
656 2940 719 3005 quo
756 2920 916 3000 offendas,
946 2941 1057 2986 vocem
1087 2919 1329 2998 ὑυςοδοπαίπαλα
1363 2939 1433 2982 essa

299 3022 482 3088 mutandam
504 3029 709 3108 putaverunt.
745 3025 853 3110 Atque
869 3024 1007 3090 Weilius
1031 3025 1157 3110 quidem
1173 3032 1325 3110 quattuor
1339 3023 1432 3088 linxit

299 3127 414 3192 verba:
438 3125 714 3205 δυςποδοπαίπαλα,
730 3131 1008 3208 δὐςμολοπαίπαλα,
1031 3130 1301 3208 (inquinamentis,
1318 3133 1430 3206 lugno-

299 3229 480 3312 ροηαίηαλα,
503 3251 520 3293 a
544 3228 659 3314 quibus
681 3237 877 3316 postremum
901 3231 995 3297 etiam
1019 3233 1232 3299 Heimsoeth³
1254 3231 1431 3319 proposuit,

299 3353 432 3419 quorum
455 3335 591 3419 primum
607 3334 782 3418 ohaam-ius,
806 3337 934 3400 tertium
949 3337 1095 3419 ieiunius,
1118 3344 1265 3423 quartum
1280 3335 1431 3401 remotius

299 3457 369 3502 esse
402 3437 469 3522 ipse
502 3436 671 3502 verborum
703 3438 896 3523 compositor
927 3439 1101 3522 intellexit,
1131 3461 1313 3527 proponens
1343 3438 1429 3524 quod

298 3547 446 3625 superest
464 3542 737 3621 δυςμολοπαίπαλα.
770 3543 835 3606 Alii
850 3543 988 3609 editores
1005 3543 1430 3622 velutGodofr.He1·mann‚

297 3642 450 3724 Dindorf,
479 3643 621 3720 Ahrens,
651 3644 769 3721 Franz,
800 3645 922 3728 Bothe,
952 3647 1053 3733 Paley
1084 3649 1256 3713 lectionem
1282 3647 1428 3713 traditam

297 3752 513 3827 servaverunt,
535 3745 670 3812 fortasse
694 3747 790 3826 dubii,
821 3749 981 3834 quomodo
1005 3751 1090 3814 illam
1118 3771 1229 3816 vocem
1259 3756 1428 3815 mutarent.

402 3847 649 3916 Ooneedeudum
675 3860 723 3917 est
753 3872 866 3917 vooem
887 3853 974 3917 illam
1005 3853 1179 3921 offensione
1210 3877 1275 3922 non
1305 3874 1428 3934 carere3

298 3949 354 4018 sed
368 3972 433 4016 non
454 3959 519 4017 tam
540 3955 608 4020 eius
630 3962 765 4020 metrum
787 3955 863 4020 mihi
882 3956 1097 4023 difficultatem
1123 3959 1250 4026 videtur
1272 3957 1428 4044 praebere

298 4075 393 4142 quam
415 4057 514 4142 ipsius
537 4059 625 4124 verbi
647 4060 845 4145 compositio.
890 4059 972 4126 Nam
995 4085 1067 4150 eum
1097 4064 1245 4141 παίπαλος
1272 4063 1427 4149 signifieat

402 4211 410 4247 ¹
430 4211 598 4266 Exciderunt
617 4215 723 4283 syllaba
741 4217 832 4270 brevis
851 4221 879 4270 ot
897 4219 989 4285 longa.

399 4299 410 4332 ²
427 4299 459 4350 In
477 4300 591 4366 stropha
608 4317 657 4368 pro
670 4308 765 4371 λαμπαι
784 4319 843 4356 oum
857 4305 998 4359 Dindorlio
1011 4305 1079 4382 λα’πᾳ
1092 4308 1264 4360 scribendum
1278 4321 1338 4359 assa
1352 4311 1428 4374 puto.

400 4383 480 4435 ⁸Die
500 4385 781 4456 Wiederharstellung
800 4391 848 4443 der
867 4391 985 4446 Dramen
1005 4393 1052 4447 des
1073 4395 1225 4462 Aeschylus
1244 4411 1269 4462 p.
1290 4395 1346 4450 106.
