3238 4930
297 449 338 510 ιι
819 443 911 528 [182]

295 636 438 718 ὀλόμενον
459 638 489 702 in
512 635 602 702 ὀλοόν
621 637 725 718 (ouius
749 637 839 701 verbi
862 637 929 702 vice
954 637 1050 702 etiam
1073 637 1136 702 alio
1158 637 1230 702 ioco
1245 637 1432 722 Euripiden,

297 741 352 806 Or.
379 741 469 820 1364,
498 741 616 806 librarii
645 740 726 806 falso
759 737 907 820 diriperes
935 742 1147 826 scripserunt,
1177 740 1231 806 ubi
1260 743 1434 826 genuinam

299 847 487 930 scripturam
509 845 676 912 Hermann
697 843 855 928 restitnit)
881 845 1126 931 addendumque
1147 844 1188 910 ad
1208 843 1296 910 τέκεα
1317 847 1435 912 articu-

296 949 361 1014 lum
385 947 422 1014 τὰ
446 957 479 1016 et
500 950 599 1015 verba
621 951 666 1014 sic
688 949 944 1034 transponenda:

503 1053 600 1130 οῧιῖιις
624 1053 682 1130 val,
705 1051 785 1118 εὕδοι
805 1056 810 1135 Ι
830 1051 920 1118 ι’λοόν
941 1053 1048 1132 ὕπνον,
1071 1053 1187 1138 ἄλοχον

501 1157 535 1237 ὃς
557 1158 635 1224 ἔνιαν’
659 1157 743 1222 ἔκανε
766 1158 801 1222 δὲ
825 1154 889 1240 [τὰ]
910 1163 916 1238 Ι
935 1157 1023 1224 τέκεα
1046 1157 1162 1242 τοξήρει

606 1267 724 1353 ψαλμῷ
746 1260 896 1341 τοξιὺσας.

399 1469 468 1536 lam
491 1471 709 1537 examinemus
740 1479 865 1538 ceteros
896 1473 983 1536 locos
1011 1477 1123 1536 contra
1146 1470 1298 1536 librorum
1325 1477 1434 1536 aucto-

295 1575 420 1642 ritatem
444 1597 463 1640 a
485 1576 560 1641 viris
583 1575 685 1642 doctis
707 1577 752 1641 ita
774 1581 959 1662 temptatos,
989 1583 1023 1640 ut
1053 1595 1186 1641 caesura
1209 1583 1281 1660 post
1308 1573 1433 1639 tertiam

297 1680 425 1746 brevem
448 1681 691 1766 neglegeretur:

402 1783 437 1869 9)
458 1784 577 1850 Parodi
593 1786 748 1871 virginum
765 1784 989 1850 Thebanarnm
1006 1785 1037 1848 in
1052 1785 1205 1870 Aeschyli
1221 1783 1308 1870 Sept.
1325 1803 1435 1848 versus

296 1889 425 1974 primus,
449 1910 478 1953 ν.
502 1891 552 1969 78,
575 1889 608 1955 in
631 1889 741 1954 codice
764 1888 909 1954 Mediceo
934 1889 978 1954 sic
1001 1889 1133 1974 legitur:

617 1991 747 2076 θρέομαι
770 1989 887 2079 φοβερά
908 1991 1016 2075 μεγάλ’
1038 1991 1114 2077 ἄχη,

297 2117 392 2182 quern
416 2103 452 2162 nt
474 2097 507 2164 in
536 2097 704 2164 dimetrum
734 2097 955 2163 dochmiacum
978 2103 1121 2182 cogeret,
1145 2097 1330 2162 Dindorfins
1358 2103 1433 2162 ante

298 2200 429 2286 θρέομαι
451 2202 585 2268 inscruit
607 2201 745 2268 νιόιιοταε

505 2303 656 2387 [νεόκοτα]
680 2305 974 2391 dorcestrensem
995 2305 1102 2390 μεγάλ’
1123 2303 1212 2390 ἄχρι

301 2405 436 2475 Νιόκοτα
458 2408 520 2494 ἄχη
542 2410 604 2476 dici
627 2411 765 2497 explicat
790 2412 933 2494 „ratione
948 2412 1059 2476 hahita
1077 2412 1218 2497 priorum
1236 2421 1435 2493 eventorum,

298 2535 380 2600 qnae
395 2515 609 2602 praecessisse
625 2537 666 2579 ex
678 2515 813 2600 prologo
827 2515 966 2580 Eteoclis
981 2521 1176 2600 spectatores
1188 2515 1435 2600 cognoverant“.

298 2619 343 2684 Ar
371 2639 443 2684 oum
472 2618 622 2684 Eteocles
651 2620 683 2684 in
704 2621 841 2705 prologo
864 2641 904 2686 ne
933 2641 998 2685 nno
1027 2619 1156 2704 quidem
1185 2619 1282 2686 verbo
1313 2619 1436 2704 priores

299 2723 495 2788 calamitates
518 2724 670 2808 tetigerit,
701 2723 758 2789 sed
782 2724 948 2809 augustiis,
978 2723 1093 2809 quibus
1122 2723 1197 2788 urbs
1226 2729 1436 2808 premeretur,

298 2828 452 2915 expositis
468 2827 658 2893 adhortatus
674 2829 715 2893 sit
730 2829 825 2910 cives,
841 2836 877 2894 ut
892 2849 951 2894 sno
967 2829 1102 2914 quisque
1118 2829 1222 2894 officio
1238 2827 1435 2912 fungeretur,

298 2931 494 2998 reiciendum
516 2953 587 2997 esse
609 2953 725 2998 censeo
748 2931 809 2997 hoc
832 2932 1034 2998 adiectivum.

402 3036 481 3101 Mihi
510 3036 577 3102 eius
607 3035 690 3100 modi
714 3037 898 3102 coniectura
921 3035 1048 3103 vidntur
1070 3043 1104 3102 et
1133 3043 1234 3102 metro
1265 3043 1297 3102 et
1327 3036 1436 3101 sensui

298 3139 496 3206 satisfacere:
938 3125 942 3138 ’

504 3242 642 3324 Θρὲομοι
666 3241 735 3324 [ἄνι’
757 3241 838 3324 ἄνια]
859 3245 864 3325 Ι
884 3242 1004 3328 φοβερά
1025 3243 1134 3327 μέγαλ’
1155 3240 1229 3326 ἄχη,

298 3370 370 3413 eum
401 3348 598 3415 meminerim
629 3350 772 3415 locorum
794 3348 1048 3436 Aeschyleorum
1071 3348 1162 3415 Pers.
1186 3351 1248 3414 256
1278 3345 1337 3411 ἄνι’
1367 3345 1436 3412 ἄνια

298 3448 373 3516 κακοὶ
398 3450 530 3530 νιόκοτα,
564 3455 644 3520 1055
669 3461 702 3519 ct
726 3455 805 3519 1061
832 3451 890 3518 ἄνι’
917 3451 998 3531 ἄνια,
1029 3452 1085 3518 ubi
1113 3453 1248 3518 fortasse
1278 3449 1354 3516 κακά
1387 3457 1436 3514 est

298 3553 491 3623 addendum.

405 3745 459 3832 10)
475 3747 593 3814 Aescb.
605 3749 692 3835 Sept.
706 3747 798 3815 23ab
814 3749 846 3812 in
863 3748 1038 3814 editionum
1050 3749 1261 3813 recentiorum
1273 3748 1435 3834 plerisque

297 3849 431 3936 legitur:

535 3957 721 4044 (ποτίφατον
742 3955 889 4042 ettamen
913 3955 1050 4041 πάταγον
1071 3955 1192 4038 ἀναμίξ,

403 4150 411 4184 ¹
430 4149 559 4218 Plerique
578 4149 698 4202 editores
717 4152 781 4201 ante
801 4147 972 4201 Dindorhum
997 4165 1047 4216 pro
1071 4155 1178 4218 θρέομαι
1202 4163 1236 4199 ex
1254 4146 1433 4214 apographis,

298 4249 369 4304 quae
389 4249 495 4288 versum
514 4236 553 4288 sic
572 4235 717 4288 exhibent:
743 4236 850 4304 θριῦμαι
871 4233 967 4304 φοβερά
990 4232 1086 4306 μιγᾰλα
1111 4233 1134 4286 τ’
1158 4237 1217 4304 ἄχη,
1241 4232 1434 4298 interpolatum

298 4321 405 4375 scilicet
424 4337 473 4389 per
491 4327 674 4375 correctorem
694 4322 772 4374 metri
792 4319 944 4374 dochminoi
966 4321 1104 4387 ignarum,
1129 4322 1292 4386 receperunt
1319 4317 1433 4387 θριῦμιιι,

298 4411 329 4464 ut
348 4423 455 4462 versum
473 4408 653 4462 restituerent
672 4412 842 4462 constantem
862 4423 877 4460 e
896 4408 1021 4475 spondeo
1040 4415 1068 4461 et
1088 4405 1222 4460 dochmio.
