3226 4932
324 393 364 455 ns
760 432 802 441 -
849 396 933 477 [eso]
982 430 1024 439 -

322 581 462 648 bendum
486 601 558 650 esse
581 583 701 650 conicio
724 581 937 669 ίρασίκολπε,
965 583 1129 668 epitheton
1152 589 1262 668 aptum
1285 583 1354 648 eius
1377 581 1466 647 Gra-

321 686 403 765 tiae,
439 705 522 770 quac
548 683 675 752 Θόλειο
697 687 720 752 i.
745 707 775 753 e.
800 684 915 752 florida
936 685 1137 771 appellatur,
1167 684 1323 768 siquidem
1347 682 1467 768 ἐρασι-

324 787 499 871 πλόκαμος
522 788 796 874 είέρασίκολπος
819 787 1002 875 significare
1016 797 1151 874 possunt
1169 785 1360 872 ίραιεινοδς
1375 788 1466 851 πλο-

323 889 451 974 κόμους
481 891 568 974 ἔχων
597 901 630 959 et
659 891 832 978 ἐρατεινὸν
865 890 995 959 κόλπον
1023 891 1126 974 ἔχων,
1166 911 1241 956 nam
1277 887 1467 976 ἐρασιπλό-

322 1019 429 1078 καμος
462 994 550 1061 haud
578 996 683 1062 minus
711 1002 786 1081 apte
819 996 975 1082 explicari
1008 1002 1116 1079 potest
1149 991 1334 1076 πλοκάμων
1363 991 1461 1078 ἐρῶν,

320 1100 367 1166 ita
390 1107 425 1165 ut
447 1096 714 1186 ίρασιχρόμαυος
740 1099 923 1182 significare
945 1098 1042 1164 debet
1064 1095 1245 1185 χρημάτων
1268 1095 1362 1183 ἐρῶν.
1410 1098 1464 1162 De

325 1201 563 1290 ἕρασίπνερος,
594 1202 679 1286 quod
701 1203 835 1268 Nonnus
865 1202 906 1268 de
928 1202 1004 1268 Iove
1035 1203 1094 1268 snb
1117 1201 1246 1286 aquilae
1268 1202 1370 1267 forma
1392 1201 1465 1266 Ga-

323 1306 494 1392 nymedem
517 1305 663 1389 rapiente
686 1305 779 1390 dicit,
813 1305 980 1391 Κρονίδης
1003 1301 1225 1390 ίρασίπτερος
1249 1299 1341 1388 όρνις
1360 1297 1465 1390 Ἐρώ-

324 1433 406 1490 των,
445 1407 583 1474 dubitari
613 1415 732 1494 potest,
771 1409 829 1475 sed
859 1407 1066 1474 verisimilius
1096 1407 1276 1494 explicatur
1305 1404 1465 1492 ἐρατεινὰ

324 1510 432 1598 πτερὰ
455 1510 555 1593 ἔχων,
583 1530 678 1595 quam
701 1505 765 1576 ὑπ’
791 1511 915 1597 ἔρωτος
939 1507 1047 1596 πτερὰ
1069 1517 1186 1594 κινῶν,
1213 1511 1288 1594 quia
1310 1505 1466 1594 Ἐρώτων

322 1615 468 1683 additum
492 1623 551 1681 cst.
600 1613 740 1692 Κόλπος
761 1622 869 1681 autem
893 1635 948 1698 eo,
981 1633 1043 1698 quo
1067 1614 1206 1696 conieci,
1233 1633 1330 1681 sensu
1352 1615 1387 1679 in
1411 1615 1465 1679 al-

320 1731 391 1787 tera
413 1726 503 1804 parte
526 1719 692 1803 compositi
716 1725 805 1784 extat
826 1719 859 1783 in
881 1715 1105 1799 βαδίκολπος
1128 1725 1160 1783 ct
1176 1711 1352 1793 εδκολπος.
1393 1718 1466 1783 Ita-

321 1844 384 1908 que
405 1841 518 1889 versus
540 1821 624 1888 altor
645 1821 864 1906 antistrophac
886 1821 933 1887 sio
955 1821 1082 1888 videtur
1104 1840 1177 1887 esse
1200 1820 1436 1886 restituendus:

409 1943 539 2024 παῖδες,
568 1939 710 2006 ίπόκοοι
731 1945 884 2025 γένεσθε,
914 1938 1042 2007 Θάλειά
1057 1934 1087 2004 τ’
1107 1939 1319 2026 ἐρασίκολπε,
1348 1941 1466 2007 ἰδοῖσα

614 2042 711 2110 τόνδε
735 2051 846 2126 κῶμον
870 2039 927 2109 ἐπ’
953 2038 1084 2127 εὐμενεῖ
1106 2041 1191 2129 τύχᾳ

412 2186 459 2266 ω)
487 2191 519 2250 et
543 2185 590 2267 re)
619 2181 746 2250 oxrv
772 2186 822 2246 ro.

581 2286 1191 2334 Aoo-w„o‡w--.‘u-!

408 2414 480 2456 αντ.
499 2394 516 2453 7
542 2383 654 2455 οὕνεκ’
676 2383 936 2471 Ὀλυμπιόνικος
960 2382 980 2452 ό
1004 2393 1153 2455 Μινυεία
1177 2397 1236 2456 σεῦ
1259 2389 1351 2456 ἕκατι

320 2505 353 2561 et
408 2515 479 2579 στρ,
499 2496 516 2555 7
542 2491 571 2557 εί
594 2490 702 2578 σοφός
725 2491 755 2558 εί
778 2489 879 2569 καλός
903 2491 1004 2568 εἴτις
1028 2487 1152 2576 ἀγλαός
1176 2487 1270 2580 ἀνήρ.
1304 2489 1468 2578 οὔτεγὰρ

785 2601 864 2660 θεοί

407 2843 479 2885 αντ.
500 2823 518 2884 8
541 2819 759 2900 μελανιείχεα
786 2870 792 2883 .
815 2869 821 2882 .
843 2869 849 2883 .
872 2871 878 2882 .

408 2943 479 3006 στρ.
500 2923 519 2988 8
543 2923 574 2985 τί
597 2929 724 3004 σεμνᾶν
747 2927 907 3005 Χαρίτων
932 2974 938 2986 .
961 2975 966 2987 .
989 2973 1023 2986 ..

321 3045 388 3110 Ηοο
411 3041 505 3109 modo
528 3042 556 3108 si
579 3061 691 3108 versus
714 3063 786 3109 oum
802 3041 963 3108 Boeokhio
986 3043 1160 3128 dispescas,
1188 3061 1250 3110 non
1269 3046 1372 3110 solum
1391 3050 1466 3113 erri-

319 3155 371 3212 tos
393 3144 600 3232 imperfectus
622 3145 656 3210 in
678 3145 879 3232 antistropha
901 3145 1050 3226 offendet,
1078 3145 1137 3212 sed
1160 3147 1260 3213 multo
1279 3149 1387 3231 magis
1403 3171 1466 3216 en—

319 3251 459 3316 cliticum
482 3253 525 3330 ιί,
552 3248 637 3332 quod
659 3269 679 3313 a
703 3249 790 3315 nullo
813 3249 895 3314 libro
917 3247 1068 3324 traditur,
1095 3249 1128 3315 in
1151 3249 1241 3316 initio
1264 3270 1378 3317 versus
1403 3275 1465 3338 po—

320 3353 428 3420 situm.
474 3351 684 3417 Incidendum
707 3359 814 3419 autem
837 3371 909 3418 esse
932 3359 1005 3436 post
1027 3355 1177 3418 Μινυεία
1207 3373 1318 3420 omnes
1346 3375 1465 3422 recen-

316 3457 414 3522 tiores
435 3455 680 3522 intellexerunt:

654 3576 677 3622 .'.
692 3592 743 3623 υυ
757 3613 779 3621 -
796 3593 848 3624 w
863 3613 884 3622 -
901 3593 926 3623 υ
941 3577 964 3623 L
979 3591 1029 3623 w
1047 3591 1073 3626 o.
1089 3611 1110 3621 ..

525 3700 596 3762 στρ.
616 3681 633 3741 7
659 3675 689 3743 εί
712 3676 820 3764 σοφός
843 3677 873 3744 εί
895 3675 997 3754 καλός
1020 3675 1053 3742 εί
1072 3701 1123 3753 τις
1146 3672 1272 3762 ἀγλαός
1295 3673 1378 3768 ἀνήρ

471 3813 477 3826 ·
527 3785 636 3846 αντ.7
661 3775 772 3847 οὕνεκ’
793 3776 1054 3864 Ὀλυμπιόνικος
1078 3775 1099 3844 ό
1123 3785 1273 3848 Μινυεία

318 3883 532 3970 Improbanda
555 3891 605 3950 est
627 3885 779 3951 eorrectio
794 3884 927 3968 Bergkii
945 3881 1105 3966 Μινόεια,
1132 3883 1251 3971 quippe
1272 3905 1336 3970 qua
1355 3907 1463 3955 novus

317 3987 474 4053 inferatur
498 3987 603 4053 exitus
617 3987 833 4073 imperfectus,
860 4007 1054 4071 quamquam
1070 4007 1181 4054 omnes
1198 3989 1271 4055 libri
1286 3999 1417 4075 praeter
1433 3993 1462 4060 C

316 4097 594 4176 proparoxytonon
620 4089 761 4156 tradunt.
809 4089 875 4155 Sed
903 4111 961 4176 per
990 4110 1026 4156 se
1056 4111 1180 4176 quoque
1213 4090 1363 4158 Μινύεια
1393 4097 1462 4162 rei-

316 4192 465 4260 ciendum
489 4201 555 4275 est‚
589 4213 660 4258 oum
690 4191 878 4258 femininum
905 4193 946 4260 sit
968 4193 1119 4260 adiectivi
1141 4194 1174 4260 in
1196 4219 1252 4271 -ος
1274 4195 1458 4276 Μινδεισς,

317 4296 475 4362 Pindarus
498 4301 606 4362 autem
629 4315 668 4361 ea
689 4302 813 4362 tantum
836 4295 992 4362 feminina
1014 4297 1047 4362 in
1070 4321 1141 4363 -εια
1165 4317 1251 4364 more
1270 4299 1404 4368 Aeolioo
1428 4315 1464 4371 et
