3274 4934
655 408 870 469 „53-

539 702 674 752 ΜΕΝΕΑΣ

540 789 782 838 ΣΦΘΘΙΣΘΚΤΡΩ

540 875 750 924 ΓΟΔΥΤΩΝΠΑ

541 961 791 1012 ΝΙΕΥΟΔΩΙΧΑΡΙΣ

195 1061 239 1126 ib.
258 1082 307 1145 gr.
329 1065 405 1125 170:

549 1185 758 1254 deuteronom

541 1272 669 1320 Cilll'lll’l

539 1357 920 1409 ΑΠΟΛΛΦΝΙΟΥΡΕΡΓΑΟΟ
966 1357 1004 1408 siu

543 1443 965 1494 cweelcetteorsotvtuuu

281 1612 426 1678 Formam
451 1613 587 1678 nominis
612 1612 842 1696 ,Trogodytae‘
860 1633 921 1676 non
939 1612 1183 1696 ‚Troglodytae‘
1201 1613 1242 1677 ab
1264 1633 1332 1676 om-
1390 1605 1397 1620 '

194 1719 289 1784 nibus
304 1719 371 1784 fere
387 1719 593 1804 scriptoribus
610 1718 718 1784 latinis
734 1717 883 1802 usurpari
898 1723 1006 1782 notum
1020 1723 1079 1782 eet.
1105 1717 1187 1782 Nam
1200 1723 1233 1782 et
1243 1717 1330 1802 apud

195 1823 380 1889 Ciceronem
397 1823 437 1889 de
454 1823 518 1888 div.
539 1828 568 1906 2,
589 1827 640 1906 44,
661 1827 701 1888 93
714 1811 799 1887 male
815 1827 925 1887 eontra
947 1819 1073 1886 codices
1088 1820 1344 1904 »troglodytam

196 1926 458 1993 edituretplinii
480 1927 520 2010 (a,
542 1929 619 2004 1783
654 1929 730 2006 ¹853
765 1929 838 1990 aas.
872 1931 902 2008 s,
923 1927 975 1989 43.
995 1928 1025 2006 o,
1052 1928 1127 2004 1543
1151 1927 1227 2000 1643
1251 1925 1326 2003 rou

199 2035 270 2097 189.
296 2035 332 2114 7,
352 2035 409 2110 23;
441 2036 493 2096 31.
513 2035 549 2112 8,
575 2035 624 2116 25)
647 2038 678 2114 et
695 2030 845 2096 Martiani
868 2029 1022 2116 Capellae
1043 2029 1083 2113 (6,
1111 2033 1184 2111 702)
1203 2027 1330 2093 codices

194 2135 342 2200 omnibus
365 2135 445 2200 locis
467 2136 536 2201 sine
559 2135 626 2200 ullu
653 2135 720 2200 fere
743 2134 960 2219 discrepantia
983 2133 1214 2216 »Trogodytas
1236 2131 1330 2197 exbi-

193 2240 280 2322 bent,
300 2259 403 2322 neque
418 2239 507 2323 apud
517 2239 727 2324 Pomponium
739 2239 855 2303 Melam
869 2239 910 2319 (9,
927 2241 958 2301 9.
973 2241 1022 2320 14,
1045 2240 1081 2300 12
1098 2236 1150 2301 ed.
1161 2236 1326 2320 Partbey.)

194 2347 226 2406 et
240 2342 325 2427 apud
341 2342 486 2408 Solinum
507 2343 595 2426 (¹44r
610 2346 642 2406 3.
665 2345 734 2423 153,
759 2345 808 2406 15.
827 2344 900 2422 229,
920 2344 951 2405 8.
971 2345 990 2404 9
1007 2341 1059 2406 ed.
1070 2341 1230 2424 Momms.)
1249 2341 1330 2404 Tro-

193 2446 345 2531 glodytae
361 2447 478 2530 legitur
492 2445 555 2512 nisi
569 2445 603 2510 in
620 2445 710 2511 libris
725 2443 891 2510 deterioris
907 2451 1015 2510 notae:
1037 2443 1168 2511 eosdem
1184 2451 1332 2509 auctores

195 2549 340 2631 sequitur
359 2550 502 2615 Isidorus
531 2549 581 2633 [of.
599 2551 749 2615 Letronu.
774 2551 851 2613 Boe.
878 2549 910 2612 II
932 2569 965 2632 p.
985 2551 1072 2631 217).
1120 2549 1233 2630 Neque
1256 2567 1331 2612 vero

196 2652 302 2716 minus
317 2653 406 2738 apud
422 2653 562 2718 Graecos
578 2653 710 2717 formam
730 2651 946 2736 Τρωγοόῦται
961 2650 997 2720 in,
1010 2670 1069 2716 usu
1085 2650 1185 2716 luisse
1201 2671 1264 2714 non
1279 2669 1333 2714 so-

194 2757 260 2820 lum
277 2756 379 2822 titulis
396 2777 493 2841 supra
508 2755 643 2840 oitatis¹l
671 2755 728 2821 sed
753 2755 849 2821 etiam
873 2755 1039 2820 meliorum
1061 2753 1205 2819 codicum
1220 2753 1332 2819 lectio-

194 2859 287 2925 nibus
314 2860 559 2925 demonstratur.
593 2859 647 2925 Sic
669 2860 745 2925 Her.
764 2865 801 2940 1,
831 2861 890 2923 183
914 2857 1014 2923 codex
1030 2857 1204 2923 Vaticanus
1225 2858 1253 2921 R
1276 2857 1334 2924 de-

194 2963 319 3029 terioris
341 2964 469 3048 generis
492 2965 626 3030 antistes
645 2963 891 3050 Tpoylodiwt,
911 2963 1113 3028 Florentinus
1134 2961 1164 3025 Α
1186 2983 1206 3026 a
1228 2961 1332 3046 prima

194 3089 291 3133 manu
313 3075 346 3133 et
366 3069 560 3134 Passioneus
581 3069 607 3132 B
633 3067 851 3154 Τρωγοὸῦται
880 3067 1041 3133 exhibent.
1090 3065 1194 3131 Etiam
1222 3065 1328 3131 Strab.

199 3177 247 3252 15,
268 3175 330 3236 696
346 3193 418 3238 oum
433 3172 467 3237 in
482 3171 602 3256 optimo
618 3173 726 3238 codiee
734 3173 890 3238 Vaticano
905 3170 1122 3256 Τρωγοδῦται
1137 3169 1254 3253 legitur
1265 3175 1331 3234 tum

197 3275 387 3359 epitomator
403 3275 566 3341 Strabonis
582 3275 700 3342 diserte
716 3275 809 3341 docet
824 3269 877 3338 ὅτι
895 3273 1112 3358 Τρωγοὸῦται
1129 3267 1209 3339 ἄνευ
1231 3279 1292 3338 τοῦ
1309 3259 1334 3336 ’λ’

201 3379 290 3463 λέγει
310 3372 514 3464 ὁΣτράβων.
541 3379 740 3462 Quamquam
756 3399 829 3444 eum
846 3377 960 3444 ueteris
977 3377 1056 3442 loeis
1072 3375 1218 3441 omnibus
1237 3381 1333 3461 Τρω-

196 3481 355 3566 γλοδῦται
378 3482 503 3549 codices
525 3483 680 3568 praebere
702 3482 889 3562 videantur,
923 3481 1059 3546 Kramer
1083 3479 1174 3544 illam
1196 3479 1331 3544 sormam

195 3593 386 3671 aspernatus
406 3593 464 3651 est.
511 3586 608 3671 Apud
624 3585 800 3651 Diodorum
823 3585 856 3650 in
878 3584 1072 3650 editionibus
1099 3581 1218 3667 legitur
1235 3589 1331 3668 Τρω-

196 3689 372 3774 γλοδῦταιι
406 3689 591 3774 Wesseling
619 3689 699 3755 nibil
726 3709 859 3771 usquam
889 3687 1123 3772 fflserepantiae
1154 3686 1329 3752 adnotavit.

195 3793 301 3859 Unum
331 3793 415 3876 quod
444 3799 592 3879 superest
627 3793 809 3878 exemplum
838 3793 872 3856 in
901 3791 1011 3876 lapide
1037 3791 1189 3875 scriptum
1219 3811 1333 3856 monu-

197 3896 295 3963 menti
310 3895 477 3962 Adulitani
499 3897 545 3976 (Ο.
566 3897 592 3960 Ι.
620 3897 659 3962 G.
680 3899 762 3960 5127
780 3917 811 3961 v.
834 3897 880 3978 ro]
902 3889 1328 3978 ΤΡΩΓΛΟΔΥΤΙΚΩΝ,

196 3999 348 4083 quoniam
370 4000 608 4085 inscriptionem
633 4001 715 4066 bano
736 4019 800 4064 non
822 3999 978 4064 babemus
997 3997 1059 4062 nisi
1076 4018 1134 4083 per
1149 3997 1247 4063 libros
1264 4019 1332 4064 ma-

266 4261 283 4324 ¹J
304 4259 393 4315 Tituli
406 4277 460 4314 non
473 4257 583 4316 variant
596 4259 649 4313 nisi
662 4259 690 4312 in
703 4259 819 4312 alterius
833 4257 960 4328 syllabae
973 4258 1079 4313 vocali:
1095 4275 1123 4312 n.
1134 4257 1181 4308 133
1195 4259 1333 4330 est‘Tpo-

196 4345 323 4414 γυδῦται,
342 4364 369 4400 n.
388 4348 652 4400 werenbertus
672 4345 690 4398 i.
706 4347 969 4399 steterimus.
