3258 4924
726 439 945 546 --ιι-ἱ

248 631 404 722 'restituti
426 637 516 712 sunt,
539 637 576 697 ut
598 631 713 697 evadat
736 651 837 696 annus
860 633 1035 698 communis
1061 639 1094 698 et
1117 633 1232 698 mensis
1255 632 1322 702 dias
1346 633 1402 698 ad·

265 744 377 804 curate
399 735 593 824 respondeat
615 735 719 801 eidem
743 735 807 801 diei
822 737 997 823 prytaniae.
1036 736 1208 811 Quomodo
1231 738 1293 802 iam
1310 738 1404 802 buius

265 842 349 908 tituli
364 849 545 928 temporum
555 842 636 906 ratio
651 841 835 906 diuersaest
846 840 1058 925 explicanda?
1074 841 1160 906 Ante
1174 841 1258 907 diem
1268 842 1405 926 primurn

265 945 464 1014 Gamelionis
476 946 595 1012 mensis
608 945 742 1030 septima
754 947 900 1032 prytania
910 945 972 1010 iam
985 951 1108 1030 septem
1122 944 1189 1010 dies
1200 947 1404 1030 expleveram

263 1049 453 1136 incipiebat,
483 1049 694 1114 siPosideon
725 1049 846 1116 solidus
877 1057 960 1128 crat,
991 1049 1042 1114 die
1064 1049 1181 1114 XXIV
1205 1048 1404 1114 Posideonis.

266 1152 362 1229 Quod
384 1153 410 1218 ei
432 1152 503 1231 fuit,
525 1175 556 1218 n.
573 1155 635 1217 256
659 1153 753 1218 scribi
776 1159 954 1238 oporteret:
978 1155 1170 1230 IIouaI'roiaog
1186 1151 1322 1237 u'rurs'pou
1335 1153 1404 1234 μετ’

235 1284 239 1290 ·
264 1255 394 1334 εἰκάδας,
417 1253 519 1340 tvaim
543 1259 591 1320 aui
614 1257 747 1340 εἰκοσιῆι
772 1257 826 1340 τῆς
848 1281 915 1337 πρ.,
945 1253 1031 1340 quud
1055 1255 1182 1339 quidem'
1206 1257 1316 1341 spatiis
1340 1277 1403 1320 non

264 1360 421 1425 convenit.
466 1359 530 1425 Sed
544 1358 847 1444 quomodocumque
869 1359 1041 1444 scripseris,
1066 1365 1179 1443 putare
1202 1379 1332 1424 necesse
1356 1365 1405 1423 est

264 1469 338 1550 poet
353 1464 587 1548 Pyanupeionia
604 1463 686 1529 diem
702 1464 822 1528 XVIII
838 1463 885 1546 (n.
902 1467 964 1528 255
982 1487 1012 1529 v.
1025 1463 1098 1547 3s4)
1114 1465 1315 1529 intercalatus
1332 1485 1404 1530 esse

264 1589 322 1632 sex
345 1567 398 1632 vel
420 1574 542 1652 septem
565 1567 646 1648 dies3
676 1589 707 1631 n.
730 1569 792 1632 257
816 1576 941 1646 autem,
966 1567 1051 1652 quod
1075 1567 1237 1632 decretum
1262 1565 1404 1650 Tharge·

263 1669 349 1736 lione
372 1669 492 1735 sactum
516 1676 574 1753 est,
595 1671 729 1756 praebet
752 1671 874 1737 dierum
896 1672 1093 1736 sorbtmnem
1116 1672 1242 1735 solitam
1266 1677 1298 1734 et
1321 1669 1404 1734 ordi·

263 1773 395 1838 numam.
439 1773 564 1838 Rursus
594 1775 692 1858 igitur
722 1773 858 1838 eundem
889 1795 1055 1838 numerum
1086 1774 1210 1840 dierum
1239 1773 1404 1858 demptum

264 1897 334 1942 esse
358 1877 574 1942 confitendum
597 1883 689 1942 esset.
735 1876 828 1951 Quod
845 1876 986 1941 absurde
1008 1878 1128 1941 fautum
1154 1899 1235 1955 esse,
1259 1877 1284 1940 si
1307 1877 1403 1940 modo

265 1987 349 2046 esset
370 1982 500 2063 Iactum,
525 1981 668 2066 adparet.
713 1981 891 2069 Propterea
913 1981 945 2044 in
968 1981 1028 2045 hoc
1051 1981 1093 2045 de
1110 2003 1174 2068 quo
1189 1983 1295 2066 agitur
1311 1983 1404 2046 tiiuio

265 2105 405 2150 errorem
437 2075 581 2150 atatu'ere
614 2086 715 2170 magis
749 2083 872 2169 placet,
914 2105 1008 2168 quam
1043 2086 1107 2149 tale
1140 2086 1216 2170 quid
1250 2085 1403 2150 accidieee

263 2195 388 2275 putare.
433 2189 633 2274 Quamquam
657 2189 712 2254 ubi
735 2189 834 2252 lateat
857 2209 946 2253 error
968 2187 1073 2254 dicere
1096 2209 1232 2274 nequeo.

769 2379 799 2424 a.
823 2361 894 2424 257.

369 2497 591 2584 Thargelionis
607 2497 675 2562 dies
691 2495 789 2562 XXV
811 2495 871 2562 fuit
892 2495 1051 2578 nefastum
1074 2497 1160 2560 Piut.
1176 2496 1245 2562 Alc.
1262 2517 1330 2583 cap.
1347 2489 1416 2562 34ι

268 2602 303 2664 ἓν
324 2607 389 2678 ταῖς
411 2599 544 2681 μάλιστα
567 2605 627 2664 τῶν
649 2597 841 2684 ἀποφράδων
862 2597 919 2684 τήν
943 2597 1059 2680 ἡμέραν
1081 2597 1195 2682 ταύτην
1217 2601 1297 2678 (scil.
1314 2600 1405 2684 ἕκτην

266 2705 434 2790 φθίνοντος
456 2707 688 2790 Θαργηλιῶνος)
710 2702 865 2790 ἄπρακτον
886 2703 913 2768 ci
934 2703 1098 2786 Ἀθηναΐοι
1123 2706 1295 2785 νομίζουσιν
1317 2705 1404 2787 (vide

266 2810 308 2873 A.
320 2809 498 2874 Mommsen
511 2807 724 2894 Heortolcgie
742 2829 794 2894 pg.
807 2811 879 2872 427.
909 2808 1087 2873 Schemann
1107 2807 1148 2874 dc
1167 2827 1247 2872 eom.
1265 2829 1318 2893 pg.
1337 2809 1404 2892 50).

266 2911 334 2977 Neo
356 2917 462 2977 tamen
485 2911 566 2976 alius
588 2911 706 2976 mensis
729 2918 857 2975 exstare
872 2919 981 2995 potest
995 2931 1101 2996 neque
1123 2911 1203 2976 alius
1226 2911 1303 2976 dies.
1335 2912 1404 2976 Nisi

265 3013 362 3099 igitur
384 3022 534 3100 putamus
551 3036 597 3079 ·re
627 3035 706 3080 vera
728 3014 965 3098 Plynteriorum
988 3013 1039 3080 die
1062 3014 1123 3078 hoo
1146 3013 1311 3080 decretum
1334 3037 1405 3081 esse

266 3119 456 3196 coniectum,
468 3124 653 3183 statuamus
668 3138 799 3182 necesso
816 3126 865 3184 est
881 3125 937 3182 aut
955 3118 1118 3202 Plynteria
1132 3123 1279 3205 tempore
1294 3138 1405 3204 proce·

266 3222 361 3288 dente
384 3223 493 3289 sedem
516 3230 656 3288 mutasse
679 3231 735 3288 aut
758 3223 965 3308 Thargelioni
986 3221 1086 3288 fuisse
1109 3225 1149 3288 29
1174 3223 1256 3304 dies,
1292 3224 1337 3287 ita
1370 3231 1405 3288 ut

266 3325 339 3414 ἕκτη
358 3327 542 3412 φθίνοντος,
560 3347 629 3418 vquo
653 3326 704 3390 die
727 3326 894 3411 Plynteria
918 3326 1175 3408 celebrabantur,
1203 3323 1350 3392 inuidisse
1373 3327 1424 3390 in*

267 3425 489 3516 Thargeliouis
512 3429 542 3495 d.
564 3429 697 3512 XXIV,
728 3437 857 3516 postero
889 3431 1005 3496 deinde
1027 3430 1077 3497 die
1100 3429 1211 3494 habita
1234 3451 1303 3494 esse
1325 3429 1405 3494 haee
1453 3423 1459 3432 ’

267 3534 373 3600 contio
394 3533 538 3619 putanda
563 3535 612 3599 sit.

772 3719 803 3763 n.
827 3701 900 3764 260.

370 3831 514 3902 KoehIer
538 3857 565 3900 v.
588 3841 608 3900 4
630 3795 792 3922 suppicvit
820 3835 942 3920 ἑβδόμει
972 3839 1020 3900 ἐπὶ
1044 3835 1150 3920 t‘le'aa,
1179 3837 1265 3923 quod
1294 3839 1406 3925 spatiis

164 3945 171 3952 '
266 3961 332 4007 non
354 3941 519 4021 convenit,
538 3941 597 4006 nisi
620 3948 714 4026 putas
737 3941 816 4006 duas
841 3941 962 4006 litteras
985 3941 1017 4005 in
1040 3943 1135 4006 unius
1158 3941 1298 4026 spatium
1320 3963 1405 4008 com·

266 4051 395 4132 putatas
407 4065 487 4111 esse.
501 4045 678 4112 Praeterea
689 4054 796 4111 autem
813 4043 885 4110 vide
901 4045 973 4108 adn.
989 4044 1029 4109 ad
1046 4068 1076 4111 n.
1093 4047 1155 4110 230
1166 4043 1227 4130 frg.
1240 4067 1269 4110 a.
1285 4045 1405 4111 Tamen

267 4149 379 4215 titulus
401 4173 432 4216 ιι.
456 4151 518 4216 259
541 4152 683 4237 flagitare
707 4150 850 4228 videtur,
872 4157 908 4214 ut
930 4151 1085 4216 hocloco
1109 4147 1404 4232 scribaturiprtipa

266 4255 316 4318 ἐπὶ
337 4251 425 4330 δέκας
452 4251 497 4318 ibi
529 4254 611 4318 euim
641 4253 898 4319 Anthesterionie
927 4253 994 4318 dies
1016 4252 1100 4316 VIII
1129 4251 1302 4338 respondet
1330 4273 1405 4339 pry-

267 4356 374 4422 taniae
398 4355 459 4422 diei
483 4357 557 4424 XX.
603 4357 653 4422 En
678 4357 835 4422 tabulam:
