3238 4930
795 441 887 526 [247]
1369 450 1409 512 35

273 636 459 699 cohortatur
487 653 559 696 eum
592 632 633 695 ad
665 632 838 716 equitatem
861 632 957 696 animi
980 640 1014 696 et
1036 633 1236 718 voluptatem
1259 635 1408 720 quoniam

272 759 357 802 mors
380 743 558 822 sequutura
582 735 724 800 obnubet
747 755 856 799 omnes
879 734 921 819 λ).

376 837 392 902 Ι
415 843 451 904 4:
474 839 615 904 Solvitur
638 840 725 902 ocris
744 839 841 902 literne
863 846 962 923 proto
984 841 1047 902 olco
1066 843 1149 905 orris
1169 840 1336 907 etFoooui
1357 849 1410 908 etc.

375 943 581 1020 (Paranetice
605 941 725 1006 dicolos
748 942 852 1006 Sestio
881 943 1012 1018 Quirino
1037 945 1090 1027 qui
1116 952 1148 1008 et
1168 944 1283 1009 Festus
1307 945 1410 1010 dietus

273 1054 321 1114 est
343 1046 383 1127 F,
405 1047 592 1110 Paranetioe
616 1045 737 1109 dicolos
759 1045 800 1110 od
823 1046 961 1110 Sestium
986 1047 1151 1120 Quirinum
1175 1049 1217 1129 t).

375 1151 392 1214 Ι
417 1153 450 1213 l:
480 1148 673 1215 Laudabunt
694 1149 753 1214 otii
776 1150 897 1213 olorem
919 1150 1051 1215 Rhodon
1076 1159 1132 1216 out
1150 1152 1323 1237 Mitylenen
1345 1161 1398 1218 ete.

273 1255 477 1332 (Paranetioe
490 1253 611 1318 dicolos
624 1253 665 1316 ad
677 1252 831 1316 Plancum
841 1252 875 1316 F
873 1300 940 1332 .....
947 1254 1139 1320 Parauetice
1154 1255 1276 1321 dicolos
1288 1255 1409 1322 Planco

272 1358 315 1440 t).
359 1358 520 1422 Firmatur
544 1357 686 1442 epitheto
714 1357 774 1420 hoc
792 1355 954 1443 adscripto
978 1357 1209 1443 Porphyrionis
1232 1359 1409 1441 adnotatio,

274 1483 411 1547 quocum
442 1463 646 1526 consentiunt
675 1459 850 1524 Diomedes
882 1467 914 1523 et
943 1460 1063 1526 Marius
1086 1461 1280 1542 Victorinus,
1311 1464 1409 1526 conti·
1499 1503 1504 1514 ,

272 1566 363 1630 uuori
386 1565 555 1650 septimam
577 1564 661 1630 oden
685 1585 723 1628 ca
746 1584 828 1649 quaa
851 1563 882 1627 in
905 1563 1067 1629 codicibus
1089 1573 1240 1650 separata
1254 1568 1409 1650 sequitur.

272 1668 430 1752 Porphyr.
453 1668 552 1732 solsol.
576 1667 617 1732 ad
634 1667 649 1731 I
668 1671 696 1748 l,
724 1669 776 1731 15:
800 1665 918 1747 „Arous
932 1673 967 1730 ut
990 1667 1119 1732 obscuro
1136 1669 1273 1756 detorpet
1301 1671 1410 1735 aubia

274 1771 358 1836 caelo
380 1791 471 1853 saepe
492 1769 603 1836 Notas.
634 1771 717 1833 hano
741 1769 823 1834 oden
848 1769 976 1854 quidam
1001 1777 1113 1856 putant
1136 1773 1230 1834 oliam
1248 1794 1327 1852 esse,
1351 1773 1409 1838 sed

273 1872 384 1939 eadem
410 1880 471 1954 est3
495 1893 568 1936 nam
591 1881 623 1938 et
646 1874 697 1938 hic
720 1872 760 1936 ad
783 1873 938 1936 Plancum
963 1873 1114 1960 loquitur,
1139 1874 1170 1937 in
1195 1875 1283 1938 cuius
1308 1875 1408 1938 hono·

272 1997 340 2043 rem
364 1984 397 2041 et
418 1977 450 2040 in
473 1978 639 2061 superiore
661 1986 752 2062 parte
768 1977 868 2042 Tibur
888 1975 1044 2042 laudavit
1080 1977 1218 2040 Plancus
1234 1978 1316 2041 onim
1333 1978 1406 2042 indo

271 2081 333 2145 tuit
355 2079 553 2162 oriundus“).

373 2184 389 2248 I
414 2187 448 2248 9:
476 2183 571 2248 Vides
601 2191 636 2248 at
659 2185 728 2248 alta
750 2191 808 2249 stet
831 2186 899 2248 nive
923 2183 1094 2248 condidam
1118 2190 1172 2246 etc.

375 2287 579 2369 (Paranetioe
601 2285 641 2350 ad
665 2285 891 2351 Thaliarchum
916 2308 1049 2371 puerum
1073 2287 1252 2372 speciosum
1283 2285 1324 2368 F,
1348 2287 1409 2350 Pa·

270 2393 412 2457 ranetice
449 2392 621 2456 tetracolos
660 2390 699 2454 ad
736 2390 937 2455 Thaliarcum
973 2412 1109 2475 puerum
1144 2415 1179 2472 y,
1218 2389 1408 2455 I'arunotice

271 2496 445 2559 tetracolon
482 2494 522 2558 ad
556 2495 736 2559 'Paliaroum
776 2516 910 2579 puerum
949 2497 1126 2580 spetiosum
1164 2495 1204 2558 de
1237 2494 1408 2558 voluntati·

272 2599 331 2663 bus
353 2600 398 2672 λ).

374 2701 391 2766 Ι
411 2705 464 2766 18:
486 2701 629 2785 Nullam,
649 2701 743 2784 Varo,
766 2723 860 2766 sacra
881 2705 940 2767 vite
951 2703 1046 2786 prius
1061 2703 1175 2767 scocris
1191 2701 1337 2766 arborem
1350 2709 1406 2766 etc.

374 2805 581 2890 (Paronotice
605 2806 790 2870 monocolos
806 2805 846 2870 ad
859 2804 982 2870 Varum
994 2805 1057 2886 Fu
1073 2804 1147 2870 odd.
1163 2813 1194 2868 t:
1212 2805 1407 2878 Quintilium.

272 2947 312 2957 —
352 2909 543 2975 Paranetico
581 2910 767 2973 monocolos
806 2909 960 2990 Quintilio
991 2910 1078 2973 Varo
1109 2929 1264 2972 summam
1299 2907 1408 2972 dicens

272 3013 337 3078 vini
360 3013 417 3078 sed
442 3033 512 3076 oum
537 3011 633 3076 modo
657 3013 857 3096 voluptatem
881 3015 925 3094 y).

375 3115 439 3179 *II
464 3119 521 3180 18:
543 3114 616 3180 Noa
638 3115 713 3179 elur
735 3137 831 3201 oeque
853 3137 986 3180 aureum
1008 3123 1065 3180 etc.

375 3217 579 3303 (Poronetice
610 3220 661 3282 vel
693 3221 854 3304 ypotetioe
884 3220 924 3283 de
955 3220 1149 3284 continentia
1179 3238 1243 3303 qua
1273 3239 1407 3304 pauper·

270 3329 369 3386 tatem
397 3343 486 3386 suam
516 3321 633 3385 divitiis
665 3321 808 3408 praefert
838 3321 896 3404 Fr,
928 3323 1115 3386 Paranetioe
1140 3323 1192 3386 vel
1216 3321 1343 3406 ypotice
1366 3320 1407 3384 ad

271 3425 394 3490 Varum
418 3425 459 3507 γ).

374 3527 428 3592 ΙΙΙ
455 3532 509 3593 12:
536 3527 735 3594 Miserarum
765 3535 811 3593 est
840 3549 936 3614 aeque
958 3529 1063 3593 amori
1086 3528 1163 3592 dura
1179 3527 1290 3592 tadum
1311 3549 1407 3612 oeque

272 3633 360 3699 dulci
380 3639 434 3698 eto.

376 3735 578 3814 (Paranetice
595 3733 634 3799 od
649 3733 818 3798 Neobulen
829 3733 1018 3817 (Neubulen
1035 3733 1077 3816 ψ)
1090 3755 1223 3800 suavem
1235 3735 1331 3798 vitam
1343 3756 1406 3800 non

272 3859 343 3904 esse
365 3839 433 3904 sine
449 3840 647 3904 iucunditate
670 3847 703 3904 et
719 3859 827 3904 amore
840 3839 899 3921 m,
915 3839 1102 3903 Paranetice
1118 3836 1157 3901 ad
1172 3837 1351 3902 Neobulem
1364 3839 1406 3921 γ).

374 3940 453 4006 *111
476 3945 534 4006 29:
557 3941 724 4024 Tyrrheno
746 3963 857 4026 repam
876 3943 1053 4026 proportior,
1076 3939 1132 4004 tibi
1153 3945 1208 4006 otc.

378 4043 445 4129 (Ad
458 4046 678 4111 Maecenatem
696 4045 898 4132 paraenetice
911 4043 1088 4130 (paraetice
1098 4047 1141 4118 A)
1159 4045 1232 4127 AB,
1248 4045 1408 4129 Prospho·

273 4149 377 4214 notice
399 4151 582 4235 paranetice
606 4149 764 4213 lticcenati
787 4174 815 4231 y,
845 4148 1097 4233 Prosphonetice
1119 4147 1277 4213 Meconati
1300 4147 1376 4231 Fr).

377 4250 497 4316 111172
520 4251 688 4335 Diffupare
709 4255 804 4330 nives,
828 4252 959 4315 redeunt
973 4252 1040 4314 lom
1054 4253 1204 4335 oramina
1221 4253 1340 4334 rumpis
1354 4258 1408 4315 etc.

377 4355 441 4438 (Ad
470 4355 620 4420 Manlium
655 4355 852 4438 Torquatum
884 4354 925 4420 de
954 4355 1148 4419 mortalitate
1186 4353 1281 4418 relert
1324 4355 1407 4417 onim

1269 4455 1303 4510 3·
