3256 4934
273 460 293 522 s
796 447 886 532 [146]

273 653 390 730 careat,
414 667 483 710 cum
505 648 731 729 compensetur
746 640 825 706 orsis
839 639 921 705 thesi
938 639 1159 726 praecedentis
1174 639 1265 726 pedis
1280 641 1407 725 proluu-

273 759 358 838 gata,
382 752 437 836 qui
458 768 521 813 una
535 769 625 812 mora
642 747 702 812 hoc
717 744 813 812 modo
830 750 994 830 augeatur,
1018 766 1080 830 quo
1096 765 1257 830 meropes
1273 766 1408 831 sequens

273 862 389 923 careat.
435 852 584 939 Exempli
605 851 709 937 gratia
733 873 773 916 ex
788 871 883 916 versu
906 849 1065 914 trochaico
1089 888 1129 896 -
1148 891 1166 921 u
1185 850 1189 933 Ι
1210 887 1251 896 -
1269 889 1288 922 c
1307 847 1311 934 Ι
1331 887 1372 900 -
1389 891 1408 922 υ

273 961 400 1028 suhloto
420 959 481 1024 arsi
502 955 642 1024 secunda
657 956 814 1042 proficisci
837 993 876 1002 —
895 992 913 1028 o
933 951 937 1040 Ι
958 982 999 1006 -a
1019 953 1023 1036 Ι
1044 989 1082 998 -
1102 987 1128 1029 υ,
1146 975 1216 1020 cum
1238 976 1407 1042 suppressa

276 1067 354 1131 orsis
369 1066 452 1130 intra
465 1062 601 1127 eundem
614 1060 729 1146 pedem
742 1067 980 1146 compensetur3
1000 1067 1110 1125 contra
1126 1059 1157 1122 in
1172 1059 1306 1124 iambico
1323 1099 1341 1130 υ
1353 1095 1389 1106 —-
1402 1056 1406 1141 Ι

272 1211 291 1244 o
311 1211 348 1222 -
368 1170 372 1251 Ι
392 1211 410 1240 υ
428 1206 478 1246 -,
501 1166 527 1230 si
550 1163 692 1230 secunda
715 1163 776 1229 orsi
791 1171 970 1250 syncopato
985 1185 1049 1229 uua
1063 1185 1153 1228 mora
1171 1163 1309 1228 addatur
1323 1164 1405 1228 thesi

273 1272 477 1361 praecedenti
500 1268 530 1354 Ιυ
548 1295 589 1322 -2
609 1269 613 1350 Ι
633 1307 674 1318 -
695 1265 699 1352 Ι
719 1309 737 1340 υ
755 1268 827 1350 -Ι,
851 1269 991 1334 secundo
1015 1269 1156 1334 membro
1185 1267 1282 1332 adimi
1312 1289 1405 1332 unam

273 1400 396 1444 moram
419 1384 451 1444 ct
475 1377 591 1441 iniusto
616 1373 711 1440 modo
735 1375 860 1459 integro
884 1375 1024 1439 membro
1047 1375 1149 1460 primo
1171 1373 1301 1458 insuper
1323 1371 1406 1450 addi,

273 1491 310 1548 ut
332 1483 394 1547 iam
416 1502 528 1546 versus
550 1501 615 1546 non
630 1501 671 1544 ex
687 1478 788 1544 trihus
804 1479 938 1565 pedihus
953 1478 1092 1565 paribus,
1109 1486 1269 1544 ternarum
1290 1477 1406 1545 scilicet

274 1607 444 1666 morarum,
466 1591 613 1650 constare
640 1583 794 1665 videatur,
824 1583 880 1649 sed
903 1605 944 1648 ex
973 1583 1054 1669 pede
1085 1591 1236 1669 quattuor
1265 1591 1296 1651 et
1325 1582 1406 1669 pede

274 1692 409 1756 duarum
432 1696 464 1755 et
487 1687 569 1775 pede
593 1688 687 1753 trium
711 1709 879 1752 morarum.
926 1688 1015 1762 Quos
1038 1690 1137 1776 pedes
1161 1688 1303 1754 diversos
1326 1690 1352 1755 si
1376 1691 1408 1754 in

276 1797 390 1864 eodem
430 1794 500 1859 colo
538 1792 720 1858 miscuerint
754 1796 887 1877 potitae,
920 1813 1067 1878 magnam
1098 1791 1171 1857 indo
1204 1814 1408 1859 numerorum

275 1900 394 1967 exoriri
416 1898 677 1983 inaequalitatem
700 1897 740 1961 ob
764 1903 832 1960 orte
855 1895 1032 1980 rhythmica
1056 1897 1201 1962 alienam.

378 2001 492 2088 Itaque
518 1999 765 2066 adscendentem
800 1997 949 2066 versuum
984 2000 1189 2065 iambicorum
1225 2000 1409 2086 rhythmum

275 2107 432 2192 flagitare,
455 2111 491 2169 ut
513 2105 576 2170 arsi
590 2104 697 2190 aliqua
719 2103 845 2169 sublata
858 2124 922 2168 nou
945 2105 1031 2189 prior
1054 2103 1109 2170 sed
1130 2106 1289 2190 posterior
1313 2105 1410 2172 thesis

274 2210 477 2297 producatur.
523 2207 575 2274 Sic
599 2209 794 2294 compensari
817 2208 901 2273 intra
925 2207 1059 2274 eundem
1083 2209 1197 2292 pedem
1221 2209 1306 2275 arsin
1335 2231 1407 2296 syn·

275 2323 432 2402 copatom,
456 2335 528 2379 cum
551 2313 648 2378 thesis
671 2312 813 2380 eiusdem
836 2312 924 2398 pedis
948 2313 1078 2378 trisemo
1101 2314 1164 2392 fiat,
1189 2315 1233 2379 sic
1264 2323 1296 2380 ct
1325 2338 1407 2381 sum·

275 2441 358 2485 mom
382 2419 640 2505 aequabilitatem
664 2418 789 2483 restitui
812 2424 844 2483 et
868 2439 976 2483 omnes
1005 2417 1105 2505 pedes
1129 2439 1198 2483 esse
1220 2440 1323 2504 paros,
1347 2428 1408 2484 tor·

275 2546 384 2589 uarum
408 2523 527 2589 scilicet
549 2544 719 2605 morarum,
744 2544 814 2587 cum
838 2523 951 2587 ecdem
974 2523 1069 2588 modo
1092 2529 1188 2609 atque
1210 2524 1241 2588 in
1265 2525 1408 2590 versibus

274 2628 441 2695 trochaicis
458 2627 556 2692 thesis
569 2627 696 2692 trisemo
708 2649 765 2712 per
780 2647 815 2690 se
829 2625 943 2711 pedem
963 2626 1093 2691 efficiat:
1115 2666 1133 2699 o
1152 2665 1189 2674 -
1212 2628 1216 2710 Ι
1237 2657 1275 2680 ι-
1299 2639 1301 2648 ·
1321 2665 1339 2699 n
1357 2666 1408 2696 -.

376 2731 468 2796 Haec
489 2731 558 2798 iere
583 2731 772 2797 Goldmaun.

379 2837 442 2912 Qui
463 2834 548 2900 houd
572 2837 637 2902 scio
654 2857 693 2900 an
710 2837 816 2922 aptius
832 2857 927 2922 quam
943 2836 1097 2920 tripodiss
1113 2837 1295 2922 prolaturus
1311 2838 1406 2902 fuerit

275 2941 428 3008 dimetros
451 2948 506 3006 out
531 2942 688 3006 trimetros
712 2947 767 3006 out
790 2949 1003 3024 tetrametroa
1034 2948 1070 3006 ut
1093 2941 1275 3007 ostenderet
1304 2943 1335 3006 in
1360 2943 1408 3008 his

276 3045 474 3131 dipodiorum
513 3047 738 3131 aequalitatem
773 3047 914 3124 restitui,
947 3047 1097 3133 quonism
1136 3052 1260 3111 constet
1295 3068 1408 3112 versus

276 3157 308 3216 ct
332 3150 509 3216 trochaicus
533 3159 565 3214 ct
587 3151 738 3216 iambicos
761 3150 922 3235 longiores
939 3151 1107 3236 plerosque
1122 3150 1153 3214 in
1169 3149 1324 3235 dipodius,
1345 3172 1409 3216 non

274 3254 306 3318 in
328 3254 472 3338 singulos
488 3254 585 3340 pedes
602 3277 671 3322 esse
687 3253 909 3338 secernendos,
934 3261 966 3322 et
982 3257 1131 3341 quoniam
1146 3255 1246 3320 multo
1262 3255 1408 3340 frequen-

275 3358 337 3424 tius
358 3359 492 3425 occurrit
507 3359 537 3422 id
555 3379 656 3443 genus
679 3379 827 3425 versuum
844 3367 1093 3445 syncopatorum
1107 3359 1323 3438 iambicorum,
1347 3381 1407 3446 quo

275 3463 354 3528 arsis
377 3462 537 3549 dipodiom
559 3464 712 3549 incipiens
734 3463 836 3529 idest
859 3464 938 3528 orsis
961 3465 1073 3550 imperi
1089 3465 1160 3529 loco
1183 3464 1298 3550 posita,
1316 3485 1410 3549 quam

274 3567 306 3632 id
337 3589 400 3653 quo
431 3569 509 3632 arsis
538 3568 607 3634 loco
639 3569 707 3654 pori
735 3569 892 3633 collocato
921 3569 1051 3649 tollitur,
1082 3576 1116 3634 ut
1145 3569 1177 3632 in
1204 3569 1407 3634 usitatissimo

275 3671 424 3737 dimetro:
447 3709 464 3743 o
483 3709 521 3720 —
541 3707 558 3744 υ
578 3709 617 3720 -
639 3675 644 3755 Ι
664 3709 701 3720 -
721 3711 739 3744 o
761 3707 809 3738 -.
856 3673 959 3748 Quem
988 3671 1159 3758 Westphal
1191 3677 1315 3737 veteres
1345 3693 1409 3737 non

275 3776 416 3860 potuisse
439 3797 503 3842 non
525 3776 569 3840 ito
591 3797 755 3842 secernere
778 3778 810 3841 in
833 3777 912 3842 duos
934 3785 1041 3862 portes
1065 3777 1237 3854 contendit,
1258 3784 1292 3840 ut
1322 3777 1408 3862 prior

275 3879 340 3945 sive
363 3879 459 3945 thesis
483 3881 523 3946 sit
544 3886 666 3964 septem
690 3901 849 3946 morarum
873 3879 904 3950 id
929 3891 977 3947 cst
1000 3878 1074 3958 πούς
1089 3879 1262 3965 ἕπτάσημος
1279 3882 1311 3944 ἑν
1327 3878 1408 3968 λόγῳ

200 3994 202 4005 “
273 3983 417 4071 ἐπιτρίτῳ
440 4022 458 4055 υ
476 4021 514 4030 -
534 4019 552 4054 υ
570 4011 620 4066 -1,
643 3987 802 4071 posterior
824 3986 891 4050 sive
913 3987 991 4051 orsis
1017 3985 1157 4072 quinque
1188 4005 1345 4049 mororum
1376 3985 1408 4049 id

275 4092 325 4152 est
341 4083 414 4165 ποῦς
431 4086 623 4172 πεντάσημος
638 4087 794 4167 nauseante
815 4125 846 4136 -
872 4123 891 4160 υ
912 4091 975 4172 ·-,¹
993 4111 1064 4154 cnm
1079 4094 1188 4154 nostra
1202 4089 1283 4172 legis
1299 4085 1410 4153 mode·

278 4279 481 4290 ——n———n

379 4424 388 4457 ¹
409 4419 487 4474 lletr.
507 4419 548 4474 sd.
566 4423 579 4476 1
598 4422 649 4476 rol.
663 4423 705 4476 111
724 4439 749 4491 p.
765 4421 822 4478 139.
852 4423 959 4489 System
973 4421 1021 4474 der
1034 4421 1149 4475 antiken
1163 4419 1315 4488 Rhythrnik
1327 4434 1352 4486 p.
1366 4417 1409 4472 67.
