3244 4932
711 1309 890 1376 TABULA
916 1307 960 1372 II.

367 1517 442 1582 Hae
464 1517 594 1584 tabulae
626 1517 690 1583 iam
721 1516 805 1602 typis
829 1515 1008 1600 descriptae
1031 1522 1139 1598 erant,
1166 1535 1238 1579 cum
1262 1513 1406 1578 adfertur

263 1621 339 1686 mihi
378 1619 420 1686 H.
459 1620 639 1686 Useneri
677 1619 903 1685 commentatio
937 1617 1099 1682 laboriosa
1131 1623 1163 1683 et
1200 1617 1406 1682 subtilissima

265 1723 560 1809 „Chronologisohe
583 1723 766 1810 Beitrdge“‚
798 1724 917 1788 ineerta
946 1745 1025 1787 mue.
1055 1723 1146 1786 rhen.
1170 1721 1231 1786 vol.
1253 1719 1405 1786 XXXIV

262 1851 294 1916 p.
318 1829 380 1894 388
403 1849 471 1914 sqq.
516 1827 549 1892 Ie
572 1828 604 1892 in
628 1829 732 1914 eapite
757 1825 1032 1892 commentationis
1061 1825 1162 1889 altero
1187 1833 1298 1889 eontra
1320 1845 1406 1889 oom-

263 1953 392 2000 munem
417 1932 599 2018 opinionem
623 1951 678 1996 eoe
695 1931 763 1997 dieo
786 1931 904 1996 meneie
920 1931 972 2016 qui
994 1933 1084 2012 μετ’
1107 1926 1270 2006 εἰκάδας
1292 1936 1406 1994 notan·

263 2044 316 2102 tur
338 2037 379 2102 ab
401 2041 582 2101 exeunte
605 2056 746 2102 menae
767 2042 854 2100 retro
878 2035 1041 2100 numerari
1064 2035 1127 2104 itu,
1161 2041 1197 2098 ut
1219 2031 1313 2118 ἐνάτη
1335 2034 1404 2113 μετ’

262 2137 383 2217 εἰκάδας
405 2140 445 2204 eit
468 2139 536 2204 dies
560 2141 612 2221 22,
635 2136 761 2219 δευτέρα
782 2141 848 2219 μετ’
874 2135 991 2215 εἰκάδας
1014 2137 1083 2203 dics
1107 2139 1147 2202 29
1171 2137 1308 2218 mensio,
1331 2155 1406 2200 con·

263 2244 366 2309 tendit
387 2244 583 2328 argumentis
606 2263 684 2311 neue
715 2251 764 2307 eet
787 2241 937 2326 gravibus
969 2251 1000 2305 ot
1022 2239 1138 2326 quibus
1162 2261 1311 2326 magnam
1334 2261 1406 2326 per·

263 2347 421 2413 euadendi
452 2348 514 2412 vim
546 2348 652 2413 ineeee
684 2347 768 2411 ultro
798 2345 964 2411 fatendum
993 2347 1042 2411 eit.
1088 2343 1290 2430 Quamquam
1313 2346 1406 2430 plura

263 2459 340 2518 eunt
375 2472 457 2538 quae
490 2451 672 2516 etiamnunc
703 2449 936 2515 dubitationem
968 2455 1128 2515 moveant.
1182 2447 1262 2512 Cum
1294 2455 1404 2513 autem

264 2575 370 2642 neque
393 2555 481 2619 illam
505 2553 816 2641 argumentationem
839 2553 995 2618 hocloco
1020 2553 1205 2618 examinare
1227 2571 1332 2636 neque
1355 2572 1405 2614 or·

264 2659 369 2724 dinem
392 2679 412 2723 a
434 2679 484 2724 me
505 2660 686 2725 institutum
710 2659 859 2724 deserere
876 2657 995 2739 liceret,
1019 2655 1080 2722 hoc
1094 2662 1201 2720 temen
1224 2653 1404 2719 auctoritati

264 2764 345 2829 tanti
375 2763 434 2828 viri
463 2763 552 2843 dedi,
582 2770 618 2829 ut
648 2783 798 2828 numeros
828 2761 953 2827 dierum
981 2763 1048 2841 μετ’
1073 2757 1191 2837 ιὶκάιῖας
1222 2759 1334 2844 quales
1364 2779 1404 2822 ex

263 2869 400 2934 Useneri
424 2868 666 2954 computatione
694 2868 836 2932 existunt
863 2865 941 2932 meis
971 2865 1111 2929 numeris
1134 2863 1291 2928 adicerem
1314 2865 1405 2928 uncie

263 2973 413 3040 inclusos,
449 2970 572 3037 inserui
597 2973 694 3038 etiam
708 2972 933 3058 supplementa
949 2970 1107 3058 quaedam
1122 2968 1257 3034 Useneri
1280 2966 1405 3032 diversa

265 3077 305 3144 ab
330 3076 375 3140 eie
399 3093 482 3158 quoe
504 3084 560 3140 aut
581 3073 726 3141 Kochler
748 3073 885 3140 dederat
908 3081 964 3139 eut
986 3073 1054 3158 ipse
1077 3073 1193 3158 recepi.
1227 3071 1299 3137 Alia
1324 3091 1406 3156 quae

264 3181 429 3248 Usenerue
458 3180 498 3245 de
529 3179 574 3244 eie
597 3200 679 3265 quae
701 3180 732 3244 in
755 3178 914 3265 prioribus
945 3178 1013 3265 ipee
1037 3199 1165 3263 quoque
1193 3175 1326 3240 tractavi
1349 3196 1405 3239 ex·

264 3283 435 3372 poenitio
458 3281 625 3348 Addendie
649 3283 787 3348 breviter
811 3281 932 3347 notavi.
