3258 4924
637 458 895 528 '-54-

224 651 314 735 leges
337 650 370 714 in
392 649 612 734 compluribus
637 649 859 730 contionibus,
881 649 1045 714 minimum
1069 647 1213 730 duabus,
1235 646 1362 714 reoitari

225 753 415 839 oportuisse,
429 759 464 817 ut
478 751 699 838 unusquisque
714 773 788 816 eum
802 752 936 834 videret,
953 759 1093 838 quantus
1108 758 1195 818 esset
1209 769 1362 816 numerus

224 858 333 942 legum
354 857 569 938 ferendarum,
592 854 633 921 de
655 856 850 920 nomothetis
861 856 1065 922 instituendis
1088 855 1255 921 eonsilium
1277 859 1362 920 route

223 960 325 1025 iniret.
374 959 413 1024 Iu
443 981 481 1026 ea
510 967 620 1026 autem
649 959 799 1025 eontione
829 981 913 1045 quae
942 957 963 1043 η’
993 959 1153 1026 mistreto
1181 965 1244 1024 τῶν
1273 961 1364 1041 τριῶν

225 1069 367 1144 vocatur,
389 1063 566 1129 seeundum
587 1064 697 1148 legem
719 1063 804 1128 illam
828 1063 954 1128 reeitari
976 1063 1065 1149 leges
1087 1083 1190 1128 novae
1211 1081 1277 1127 non
1298 1063 1363 1127 iam

224 1173 408 1254 potuerunt,
431 1167 505 1250 quia
528 1187 570 1230 ex
594 1167 705 1234 eadem
721 1167 794 1252 lege
809 1172 928 1250 πρῶτον
949 1163 1028 1248 perui
1051 1164 1090 1232 τὰ
1113 1165 1180 1247 ἱερά
1201 1165 1362 1251 agendum

226 1279 275 1337 est
304 1271 345 1337 de
375 1270 569 1335 nomothetis
598 1271 808 1336 instituendis.
853 1271 968 1358 Itaque
994 1291 1098 1355 nsque
1128 1269 1363 1336 Demosthenes

224 1395 329 1461 usque
357 1375 383 1440 is
418 1376 473 1459 qui
506 1374 611 1458 legem
646 1375 863 1461 composuisse
897 1375 1013 1440 dieitur
1044 1375 1204 1440 intellexit
1237 1373 1363 1438 tertiam

224 1480 299 1544 anni
320 1480 511 1559 oontionem,
534 1479 591 1544 sed
614 1479 739 1544 tertiam
762 1485 835 1566 post
857 1479 1008 1564 primam,
1032 1479 1175 1543 ultimam
1197 1499 1238 1542 ex
1261 1477 1363 1542 tribus

224 1587 299 1668 post
331 1583 465 1668 primam
498 1581 646 1669 reliquis,
679 1581 699 1647 i.
722 1603 749 1646 e.
782 1587 927 1670 quartam
960 1583 1141 1648 contionem
1171 1589 1203 1647 et
1234 1580 1308 1645 anni
1331 1585 1365 1644 et

224 1687 393 1772 prytanise
415 1686 545 1771 primas.

162 1779 168 1798 '
328 1788 398 1854 Iam
409 1789 450 1854 de
461 1789 530 1855 XII
541 1790 684 1855 tribuum
692 1794 798 1854 aetate
810 1810 894 1874 quae
903 1789 1106 1854 Sohoemsnn
1124 1789 1236 1854 statuit
1246 1787 1364 1853 habers

225 1893 363 1978 aliquem
387 1891 697 1958 commendationem
729 1912 769 1956 ex
800 1893 870 1977 ipsa
891 1893 937 1956 rei
960 1892 1161 1977 simplio'mate
1184 1892 1363 1958 eonceden-

121 2079 131 2088 d
225 1997 302 2061 dum
324 2003 388 2062 est:
413 1997 529 2060 eortius
552 2001 620 2058 tum
643 1995 771 2071 demum
793 1993 958 2060 diiudicari
980 2002 1104 2081 potest,
1127 1996 1154 2060 si
1176 2015 1260 2079 quas
1283 1993 1362 2059 fides

175 2122 179 2132 ’
225 2101 265 2165 sit
294 2101 406 2165 esteris
436 2119 519 2185 quae
552 2097 655 2165 eidem
689 2099 887 2183 grammatioi
921 2099 1038 2182 (3-6)
1071 2097 1202 2163 tradunt
1236 2098 1363 2184 experti

226 2205 352 2270 erimus.
397 2201 449 2266 Ad
473 2223 569 2287 quam
591 2223 660 2268 rem
681 2201 904 2287 inquirendam
926 2203 989 2266 iam
1012 2201 1203 2269 aooedimus.

565 2391 600 2474 2)
623 2391 674 2458 De
697 2390 811 2458 diebus
834 2393 1029 2468 contionum.

329 2531 381 2596 De
411 2530 506 2596 sortis
536 2530 738 2596 comitiorum
778 2530 890 2595 diebus
923 2531 946 2595 ii
979 2529 1192 2615 grammatici,
1234 2530 1288 2615 qui
1323 2551 1364 2596 ex

224 2634 409 2701 Aristotelis
421 2636 491 2700 loeo
505 2633 545 2700 de
559 2641 710 2719 quattuor
722 2634 924 2699 contionibus
937 2635 1122 2715 hauserunt,
1135 2633 1213 2698 nihil
1222 2619 1363 2698 tradunt.

225 2740 277 2806 Ex
305 2741 343 2804 iis
371 2745 497 2818 sutem,
526 2739 581 2823 qui
611 2737 651 2803 de
681 2737 781 2802 tribus
812 2739 1013 2803 contionibus
1043 2737 1198 2820 referunt,
1230 2759 1365 2822 quorum

227 2843 355 2934 quidem
370 2841 551 2908 notationes
568 2840 608 2906 ad
624 2841 692 2905 XII
707 2841 848 2906 tribuum
871 2849 997 2928 tempus
1020 2841 1179 2926 pertinere
1202 2847 1366 2926 putantur,

226 2945 406 3012 Scholiasta
435 2945 475 3010 ad
505 2945 597 3010 Dem.
629 2943 708 3008 Tim.
741 2943 793 3029 (4)
825 2945 919 3012 dooet
953 2945 1088 3029 primam
1120 2944 1263 3010 habitam
1295 2965 1364 3010 esse

226 3051 343 3115 mensis
360 3049 410 3115 die
427 3047 607 3131 undecimo,
630 3047 802 3114 secundem
818 3049 902 3114 eirea
919 3049 1003 3115 diem
1020 3048 1215 3132 vicesimum,
1238 3049 1366 3114 tertiam

227 3153 310 3218 oiroa
333 3152 541 3232 tricesimum
564 3151 671 3217 Sehol.
695 3151 735 3216 ad
758 3153 814 3216 Ar.
838 3152 918 3218 Aeh.
936 3153 975 3218 19
999 3150 1052 3237 (5)
1075 3151 1143 3218 dies
1166 3151 1364 3217 comitiorum

226 3263 319 3321 notat
347 3255 503 3340 primum,
534 3254 708 3338 decimum,
738 3257 939 3322 tricesimum.
986 3255 1078 3332 Quae
1107 3255 1191 3321 diets
1221 3257 1303 3319 inter
1331 3275 1366 3319 ss

226 3379 372 3444 pugnare
395 3361 459 3423 iam
482 3357 605 3423 dudum
627 3359 777 3425 viderunt
799 3360 858 3424 viri
880 3359 996 3425 (10011.ι
1030 3361 1139 3446 Atque
1154 3359 1242 3445 prior
1258 3359 1364 3443 opinio

226 3461 342 3528 rationi
372 3461 500 3547 quidem
529 3462 663 3546 suffieit,
692 3463 794 3529 altera
824 3471 931 3529 autem
963 3461 1086 3546 (Sohol.
1114 3463 1156 3528 sd
1184 3461 1240 3526 Ar.
1271 3461 1365 3544 Asu.)

227 3571 283 3628 sut
315 3569 464 3648 corrupta
493 3571 541 3628 est
570 3573 626 3629 aut
658 3565 753 3650 plane
781 3566 902 3630 insulsa
926 3565 1032 3631 deest.
1076 3565 1259 3650 Numquam
1282 3565 1364 3629 enim

227 3665 313 3732 oredi
336 3671 444 3752 potest
467 3668 632 3732 contiones
655 3667 780 3734 habites
804 3691 874 3735 esse
896 3669 1013 3736 mensis
1037 3667 1087 3735 dis
1109 3667 1161 3750 X,
1184 3668 1301 3735 deinde
1326 3671 1365 3732 19

227 3769 351 3835 dierum
374 3770 477 3856 spatio
501 3771 679 3838 intermisso
703 3771 755 3838 dle
777 3773 888 3856 XXX,
912 3771 1049 3859 danique
1072 3773 1160 3838 nullo
1183 3771 1365 3840 intermisso

227 3875 332 3958 spatio
356 3873 408 3938 die
431 3874 577 3958 proxime
601 3877 755 3962 sequenti.
790 3876 853 3942 sed
879 3897 967 3942 error
989 3876 1177 3942 manifestus
1201 3884 1259 3957 est,
1276 3883 1365 3944 ortus

227 3977 291 4058 ille,
314 3977 347 4041 ni
368 3976 470 4058 fallor,
494 3999 558 4042 uon
582 3999 623 4044 ex
645 3979 760 4044 litteris
783 3979 1016 4062 numeralibus,
1051 3985 1105 4063 „ut
1127 3981 1364 4046 rescribendum

227 4081 269 4148 sit
290 4105 310 4165 η
333 4079 475 4164 ἑνδεκάτη
498 4083 546 4145 sai
570 4079 591 4165 ἦ
614 4081 693 4161 risela
715 4087 764 4148 καί
786 4082 807 4166 ἡ
830 4082 980 4165 τριακάς,“
1007 4083 1093 4170 quod
1114 4083 1235 4170 placuit
1257 4084 1364 4149 Petito

228 4180 284 4265 (ef.
298 4183 498 4249 Sohoemann
515 4185 535 4249 l.
548 4184 599 4267 1.),
623 4206 735 4252 verum
763 4186 837 4250 inde
862 4183 950 4271 qued
971 4192 1083 4251 auotor
1114 4186 1209 4252 huius
1238 4187 1365 4271 glossae

315 4395 324 4430 1
343 4409 370 4446 r.
380 4393 551 4448 Soliosmsnn
562 4391 596 4446 da
608 4406 677 4446 oom.
690 4409 716 4460 p.
728 4391 1125 4460 433Dind.son0t·ad80n01.
1139 4391 1174 4447 ad
1184 4393 1232 4446 Ar.
1242 4393 1310 4447 th·
1322 4391 1364 4448 19.
