3258 4924
669 495 878 556 ..73-

206 685 285 766 3173
309 684 386 764 3193
411 684 491 764 3223
516 684 593 765 377;
617 684 698 764 3853
716 683 794 765 4353
818 684 897 764 4363
922 683 1096 760 4393191;
1121 679 1211 762 238).
1243 682 1342 746 Prae·

206 792 294 852 terea
322 787 353 852 in
383 786 478 851 rebus
509 786 606 850 sacris
636 795 803 850 versantur
833 784 896 849 duo
921 784 1046 867 (352b:
1077 783 1117 849 de
1145 785 1341 849 medicorum

206 890 358 955 sacrificio
383 889 567 974 Aesculapii
591 897 623 956 et
646 891 724 954 403:
753 889 792 954 de
815 890 898 954 vasis
921 889 1017 955 sacris
1040 888 1245 970 conflandis),
1276 889 1339 955 duo

205 995 238 1058 in
259 995 355 1060 rebus
378 995 513 1080 publicis
537 1001 570 1060 et
593 995 733 1060 externis
758 993 853 1076 (308:
882 993 923 1058 de
945 994 1001 1058 lite
1023 993 1106 1057 inter
1129 993 1341 1058 Athenienses

206 1107 238 1163 et
249 1099 392 1164 Boeotos
415 1098 584 1162 iudicanda
607 1105 639 1164 et
654 1097 734 1162 332:
759 1097 954 1164 defoedare
977 1099 1060 1162 inter
1074 1097 1287 1164 Athenienses
1310 1105 1344 1163 et

206 1202 521 1276 Lacedaemonios).¹

310 1305 410 1371 Vides
433 1307 531 1392 igitur
554 1327 649 1390 quam
671 1307 778 1370 variae
802 1327 852 1370 ros
875 1325 934 1369 neo
959 1305 1051 1370 certis
1074 1305 1190 1370 finibus
1214 1306 1343 1370 circum-

206 1411 343 1497 scriptae
365 1412 397 1474 in
422 1410 625 1476 contionibus
648 1410 761 1492 κυρίως
785 1414 940 1473 tractatae
963 1410 1037 1473 sint.

311 1513 379 1578 Iam
400 1514 518 1578 Pollux
544 1515 593 1596 (2)
625 1521 801 1578 ceterarum
832 1533 959 1598 quoque
984 1513 1168 1577 contionum
1192 1511 1344 1577 ordinari·

206 1641 297 1684 arum
328 1619 499 1704 unicuique
529 1625 632 1682 certas
655 1639 705 1682 res
736 1617 928 1682 constitutas
958 1637 1026 1681 esee
1051 1616 1135 1691 dicit,
1158 1617 1248 1682 utin
1279 1638 1343 1680 se·

206 1723 336 1789 eunde
367 1722 514 1788 contione
537 1722 577 1788 de
608 1723 653 1786 eis
676 1727 842 1805 ageretur,
873 1721 926 1805 qni
956 1721 1115 1806 supplices
1145 1721 1184 1784 de
1211 1721 1343 1805 privatis

206 1835 263 1894 aut
286 1827 419 1912 puhlicis
434 1826 531 1891 rebus
549 1825 672 1891 dicendi
693 1826 817 1890 veniam
839 1831 1061 1911 poposcerant,
1083 1825 1116 1888 in
1137 1825 1265 1889 tertie
1288 1847 1343 1888 ex·

206 1939 345 1997 terarum
369 1933 535 1998 civitatum
560 1933 785 1998 caduceatores
808 1939 840 1996 et
861 1931 957 2015 legati
986 1929 1026 1994 ad
1049 1929 1203 2016 populum
1226 1929 1344 2016 produ·

124 2105 128 2114 ,
209 2041 375 2102 cenentur.
406 2035 544 2122 denique
573 2037 605 2100 in
636 2043 785 2120 quarte
807 2057 857 2100 res
881 2055 990 2100 sacrae
1021 2041 1244 2099 tractarentur.
1289 2031 1342 2096 Ad

208 2162 288 2227 queo
312 2141 540 2224 examinanda,
564 2163 635 2204 cum
660 2142 759 2206 multa
783 2147 911 2204 exstent
933 2139 1064 2205 decreta
1087 2159 1169 2224 quae
1191 2140 1223 2202 in
1246 2144 1344 2221 quota

207 2246 357 2310 contione
373 2245 532 2310 ordinaria
548 2245 632 2310 facta
646 2245 709 2310 sint
724 2251 859 2324 constet,
882 2245 988 2309 omnia
1004 2244 1064 2309 sub
1087 2265 1151 2309 uno
1168 2250 1342 2328 conspectu

208 2370 413 2434 componam:

789 2621 854 2673 Dies
873 2624 945 2688 pryt.
980 2583 983 2687 i
1031 2617 1128 2670 Contio
1170 2581 1286 2731 ΓΟΙΑΗ

753 2585 979 2850 &ire
1006 2726 1174 2837 sanstae.)
1291 2694 1333 2730 ω’

1186 2851 1337 2860 -—-—-

207 2948 334 3014 Foedus
368 2951 611 3017 Atheniensium
650 2868 750 3017 eumd
980 2873 989 3007 d

251 3051 407 3140 Cetripori
782 3059 817 3119 11
896 3091 937 3101 -
1016 3092 1051 3102 -
1107 3091 1147 3100 -
1212 3051 1281 3117 oob

206 3155 335 3221 Foedus
369 3156 613 3222 Atheniensium
652 3179 722 3222 curn

249 3259 512 3326 Lacedaemoniis
780 3297 820 3307 -
1024 3291 1040 3328 κ
1111 3293 1145 3303 -
1189 3261 1253 3324 332

207 3361 421 3429 Tenediorum
444 3364 613 3449 privilegia
791 3367 809 3429 8
897 3403 938 3414 -
988 3376 1052 3451 t-
1107 3402 1148 3410 —
1193 3365 1252 3426 117

208 3466 248 3532 ne
270 3468 327 3534 rae
349 3467 519 3532 incretum
541 3469 623 3533 nter
646 3467 721 3534 nen.
748 3476 757 3579 rr
846 3498 849 3575 1
982 3444 990 3541 t
1171 3480 1174 3599 Α

250 3571 421 3636 etBoeot.
748 3548 849 3681 it-j
899 3577 937 3638 12
982 3526 1041 3675 ἚῙκ
1111 3605 1147 3615 -
1192 3573 1253 3635 308

207 3674 249 3740 de
284 3675 448 3760 stipendiis
485 3683 518 3742 et
553 3675 634 3740 dues
663 3698 721 3762 pro
748 3662 750 3724 ⁴
846 3684 849 3775 J
982 3664 990 3773 A

251 3777 381 3844 Andriis
405 3779 551 3845 creando.
748 3734 750 3825 Ι
790 3783 809 3846 8
897 3818 936 3827 -
982 3762 990 3873 [¹
1017 3817 1053 3829 —
1079 3793 1082 3802 ’
1113 3814 1144 3821 -
1213 3783 1254 3844 62

208 3881 247 3946 de
259 3883 339 3948 aede
351 3881 486 3948 Veneris
500 3906 518 3948 a
531 3884 722 3950 Citiensibus
748 3872 757 3951 A
1172 3832 1174 3925 d

250 3984 449 4052 aedificando
748 3960 757 4102 A!
783 4023 817 4033 --
897 4028 937 4037 —
981 4008 990 4103 Η
1014 4024 1053 4033 -
1113 4023 1144 4030 -
1194 3989 1293 4066 locos

263 4161 415 4172 ...μ--

313 4273 322 4307 1
341 4271 521 4341 Reliquorum
541 4274 712 4327 decretorum
731 4291 800 4343 quae
818 4274 846 4326 in
865 4273 994 4326 contione
1012 4282 1081 4345 κυρίᾳ
1099 4273 1174 4326 fucta
1200 4280 1262 4326 sunt
1282 4275 1339 4338 (nn.

209 4356 273 4424 1773
293 4357 389 4426 leem
408 4357 475 4424 2363
493 4360 559 4426 2553
576 4361 643 4426 2573
661 4360 753 4422 suom
771 4358 837 4424 3363
854 4359 920 4424 3733
938 4357 1004 4426 430;
1023 4357 1088 4426 492)
1110 4363 1271 4426 argumente
1290 4377 1345 4412 non

209 4450 273 4498 sunt
291 4451 410 4499 serrato.
