3244 4932
275 433 314 495 18
793 429 884 512 [156]

271 645 329 708 pro
353 621 533 708 tetrapedia
555 620 716 685 trochaica
739 621 923 686 catalectica
946 627 978 685 et
993 627 1101 708 potest
1116 623 1228 690 haberi
1251 631 1284 689 ct
1298 647 1318 690 a
1332 626 1407 691 viris

272 725 373 791 doctis
397 726 530 790 habetur
553 727 597 789 sic
625 725 849 790 describenda:
869 735 938 797 ῶυ
960 761 994 768 -
1015 765 1033 796 υ
1053 727 1056 808 Ι
1080 751 1119 778 -2
1139 763 1196 810 —,
1222 750 1304 813 quae
1332 731 1405 814 lege

271 831 447 915 cpimixcos
470 851 674 894 numerorum
698 829 1007 894 alloeometricorum
1030 832 1176 896 immixta
1198 833 1238 896 sit
1254 833 1406 920 strophae

270 934 434 998 iambioae.
481 935 584 1008 Quem
607 953 731 997 versum
754 954 865 998 revera
889 956 959 999 esse
988 935 1202 1020 tetrapodiam
1231 936 1406 1019 iambicam,

269 1037 301 1100 in
319 1060 381 1124 qua
396 1039 475 1102 arsis
491 1035 631 1101 secunda
648 1043 679 1101 ct
695 1045 808 1121 quarta
824 1039 864 1101 sit
879 1045 1056 1124 syncopato
1073 1039 1139 1122 (um
1157 1067 1197 1090 u-
1219 1041 1224 1122 Ι
1241 1080 1259 1112 u
1277 1079 1317 1088 —
1336 1039 1404 1125 ι),

271 1161 332 1224 ego
347 1141 420 1205 ideo
443 1160 630 1226 persuasum
648 1139 761 1222 habeo,
784 1140 868 1225 quod
886 1142 982 1208 ceteri
997 1163 1108 1208 versus
1128 1143 1280 1228 strophae
1296 1165 1406 1210 omnes

270 1253 344 1310 sunt
366 1246 500 1310 iambici.

371 1351 421 1415 De
445 1349 591 1414 versibus
622 1371 699 1414 vero
731 1371 749 1413 a
778 1349 901 1434 syllaba
930 1351 1027 1435 longa
1057 1351 1280 1438 incipientibus
1311 1352 1404 1417 huius

269 1454 404 1540 generis,
427 1474 507 1538 quos
530 1451 650 1536 tragici,
673 1452 815 1537 inprimis
830 1453 1018 1539 Aeschylus,
1043 1455 1201 1520 clausulas
1216 1455 1402 1540 saepissime

271 1579 340 1623 esse
355 1558 523 1622 voluerunt
539 1553 743 1642 stropharum
759 1557 975 1638 iambiearum‚
1000 1559 1068 1643 ipse
1086 1559 1223 1644 ambigo,
1247 1567 1354 1624 utrum
1372 1560 1404 1623 in

270 1661 415 1727 omnibus
439 1661 566 1725 diiambi
588 1661 679 1747 primi
694 1683 825 1726 munere
841 1661 1043 1726 choriambus
1059 1661 1221 1747 fungatur,
1238 1683 1307 1726 cunr
1324 1662 1403 1727 haec

270 1767 402 1831 mutatio
426 1767 523 1830 etiam
545 1766 575 1829 in
600 1767 742 1830 versibus
765 1788 828 1830 non
860 1767 1042 1851 syncopatis
1064 1765 1148 1830 haud
1173 1787 1244 1831 raro
1266 1767 1403 1851 legatur,

268 1891 308 1933 an
332 1870 476 1933 nonnulli
498 1891 608 1934 versus
631 1870 755 1934 iambici
780 1891 889 1934 aracos
913 1869 1072 1936 secundae
1094 1891 1235 1956 syncopa
1264 1871 1403 1955 insignes

268 1974 313 2037 sic
335 1974 397 2038 sint
421 1973 653 2037 describendi:¹

355 2113 391 2122 -
413 2093 448 2146 σο
467 2105 506 2128 e-
527 2079 531 2157 l
567 2117 585 2148 o
608 2112 642 2120 -
666 2103 714 2158 ι,
739 2079 828 2141 velut
850 2077 965 2142 Aeseh.
990 2077 1131 2163 Ohoeph.
1155 2080 1313 2143 46οε465

310 2186 365 2244 etr.
387 2179 440 2256 ξῦν
463 2181 494 2243 di
517 2187 604 2262 γενοῦ
626 2179 701 2264 προς
723 2179 865 2264 ἐχθρούς.
905 2187 971 2246 ant.
995 2181 1166 2266 εὐχομένοις
1189 2179 1254 2245 d'div
1276 2179 1371 2244 ἔλθοι.

353 2286 881 2366 -ωι-ιι-ο-ιο-»

267 2387 784 2453 velutAeseh.l'ers.1007:1013
807 2397 861 2453 atr.
885 2371 1045 2474 ζαιιοὲοον,
1071 2385 1135 2454 οἷον
1153 2388 1293 2474 δέδορκεν
1309 2387 1399 2454 Ἄτα.

776 2503 840 2559 ant.
859 2492 1044 2574 δυςπόλεμον
1060 2492 1099 2578 δή
1115 2493 1198 2576 γένος
1214 2492 1248 2557 td
1269 2497 1400 2574 Περσᾶν.

801 2675 870 2758 §a

368 2793 593 2859 Describemns
617 2796 715 2880 igitur
738 2794 950 2880 tetrapodiam
973 2816 1053 2878 eam,
1078 2815 1172 2880 qnam
1195 2801 1322 2879 praeter
1349 2813 1400 2858 cc·

266 2905 350 2961 teras
373 2896 654 2982 frequentaverunt
676 2907 792 2983 poetae
814 2900 961 2980 scaenici,
993 2900 1082 2964 cuius
1114 2899 1208 2963 tertia
1235 2898 1314 2962 areis
1343 2917 1400 2982 per

266 3021 441 3086 syncopam
466 3009 513 3066 est
536 3002 671 3076 sublata,
696 3003 784 3066 uelut
807 3003 921 3067 Aesch.
946 3004 1007 3089 Ag.
1031 3005 1183 3068 414:431

350 3117 403 3173 etr.
429 3107 521 3197 πόθῳ
549 3107 785 3189 δ’ύπερποντίας.
831 3116 895 3174 ant.
918 3109 1021 3191 δόμων
1043 3107 1170 3174 ἑκάστου
1193 3105 1308 3190 πρέπει.

368 3247 376 3279 ¹
396 3244 476 3297 Hanc
494 3245 651 3311 explicandi
670 3246 804 3297 rationem
823 3261 876 3298 non
896 3247 1006 3298 omnino
1025 3261 1083 3298 ease
1103 3244 1268 3298 reiciendum
1288 3257 1320 3296 ee
1333 3243 1397 3294 mihi

265 3326 373 3381 videtur
392 3345 534 3397 apparere,
554 3329 627 3397 quod
646 3347 700 3382 non
720 3347 781 3382 raro
801 3331 828 3383 hi
855 3347 946 3384 versus
971 3333 1098 3398 leguntur
1124 3330 1151 3382 in
1176 3328 1301 3396 strophis,
1327 3343 1399 3396 qnae

265 3415 331 3467 solis
351 3415 474 3468 versibus
499 3403 658 3484 syncoputis
677 3422 814 3477 constant,
840 3415 941 3468 deinde
960 3433 992 3469 co
1018 3415 1092 3485 qnod
1117 3417 1199 3468 etiam
1224 3416 1295 3467 hanc
1320 3413 1397 3480 dipo-

265 3500 337 3552 diom
357 3502 498 3553 iambicam
518 3501 700 3555 adhibuerunt
720 3509 828 3595 poetae,
847 3519 880 3556 ex
900 3521 954 3572 qua
967 3505 1044 3556 illum
1058 3501 1204 3555 diiambum
1217 3505 1396 3569 syncopatum

263 3601 352 3646 ortum
379 3611 438 3648 case
463 3597 668 3660 contendimus,
686 3598 848 3666 -ῶυ-,
878 3600 952 3650 velut
979 3597 1093 3665 primam
1121 3595 1259 3664 dipodiam
1287 3594 1395 3646 dimetri

265 3677 407 3734 -ῶυ-
433 3681 437 3747 Ι
461 3682 950 3740 o-u-Eur.lted.1255:1265

339 3773 386 3818 sir.
405 3773 450 3828 οιῖς
467 3768 513 3840 ynip
531 3768 583 3822 cinti
600 3779 701 3840 χρυοιίις
720 3774 801 3842 γονᾶς.
839 3778 893 3824 ant.
912 3772 1011 3832 δειλαία,
1031 3779 1057 3822 τί
1074 3791 1111 3823 σοι
1129 3767 1225 3839 φρονῶν
1242 3765 1328 3838 stupriq·

262 3853 377 3905 trimetri
415 3886 446 3896 —
457 3851 518 3909 mo
529 3883 558 3892 -
576 3857 579 3916 Ι
595 3879 612 3907 υ
624 3887 651 3894 -
663 3875 682 3909 υ
696 3885 721 3892 -
739 3859 743 3918 Ι
758 3876 776 3910 υ
788 3887 817 3896 -
830 3881 848 3911 υ
858 3885 888 3894 -
910 3856 1005 3908 nosch.
1025 3855 1119 3923 Suppl.
1139 3854 1189 3908 597

416 3943 511 4000 οὗτινος
528 3943 628 3994 ἄνωθεν
646 3941 739 4010 ἡμένου
756 3951 821 4009 σέβει
838 3941 915 3996 κάτω.

417 4055 442 4062 -·
457 4026 558 4084 υῖιυ-
575 4026 740 4093 ΙυυῖιυιῖυΙ
758 4029 885 4083 υῶυ-
906 4029 1004 4080 Aeeeh.
1026 4032 1077 4094 Ag.
1096 4025 1230 4080 tueare

304 4118 352 4166 atr.
374 4113 480 4184 δαίμονά
500 4141 526 4170 τι
545 4117 593 4170 vair
611 4118 717 4187 ἄμαχον,
737 4114 874 4184 α’πόλεμον,
893 4113 999 4184 οἶνίιρον.

295 4207 349 4253 unt.
369 4203 462 4268 ὄμμασι
479 4203 575 4256 λιιιοῦο’
594 4207 647 4256 ὅσια
666 4207 812 4272 προσέβαλε,
831 4199 935 4269 δύνομιν
953 4200 992 4254 ου’.

261 4315 289 4323 --
309 4285 415 4341 moui]
429 4289 434 4349 Ι
449 4312 576 4343 υ-υ-
595 4287 817 4353 luffio-liur.
835 4287 894 4354 Iph.
915 4287 976 4338 Aul.
998 4285 1063 4340 1487

414 4373 433 4424 ul
453 4375 544 4428 ιιὸτνιιι
564 4375 655 4428 πότνια
671 4375 759 4446 μιῖτιρ,
778 4374 810 4434 οἷς
829 4371 923 4442 δᾶκροοι
941 4383 970 4444 γέ
986 4397 1032 4427 σοι.
