3276 4932
673 401 887 460 ,77-

212 594 261 652 tat
279 593 310 653 ct
332 587 527 654 interfectori
550 588 723 655 vindictam
747 587 958 656 miserrimam
975 589 1134 673 areliqna
1156 589 1351 676 serpentium

214 691 418 758 multitudine
434 692 635 759 inferendam
650 693 799 759 minatur,

300 813 388 879 Inter
409 813 564 879 animalia
586 834 678 880 sacra
700 815 930 900 Aegyptiorum
957 836 1039 899 quae
1070 823 1142 900 post
1164 821 1295 882 mortem
1319 815 1352 880 in

214 917 335 982 sanctis
359 917 514 1002 sepulcris
537 918 630 983 condi
654 919 749 984 solita
767 917 847 999 sint,
874 939 1067 1002 quamquam
1092 939 1224 984 araeum
1247 938 1352 1000 neque

215 1020 395 1086 Herodotus
419 1041 521 1105 neque
544 1021 702 1087 Diodorus
725 1023 920 1105 reserantit:
958 1029 1065 1088 tamen
1093 1042 1164 1087 enm
1191 1023 1223 1086 in
1255 1021 1351 1086 simili

213 1124 418 1190 veneratione
441 1123 584 1190 habitum
607 1145 679 1190 esse
705 1147 776 1190 cum
799 1126 874 1191 inde
891 1125 1039 1192 concludi
1059 1133 1167 1212 potest
1192 1124 1278 1210 quod
1300 1146 1351 1191 re-

213 1247 288 1310 gum
305 1236 400 1312 atque
416 1227 556 1294 omnium
579 1229 646 1296 fere
663 1229 793 1296 deorum
817 1229 1024 1313 dcammque,
1051 1229 1147 1295 Isidis
1166 1230 1305 1295 maxime
1321 1236 1353 1295 et

214 1332 352 1418 Aegypti
366 1333 534 1414 inferioris,
552 1342 715 1416 tamquam
728 1333 856 1418 signum
869 1333 1073 1416 colebatnr²)‚
1089 1341 1155 1400 tum
1169 1332 1354 1418 corporibus

216 1436 409 1520 serpentium
430 1437 566 1502 conditis
582 1458 664 1520 quae
680 1437 711 1502 in
729 1437 849 1503 muscis
862 1437 1023 1522 aegyptiis
1039 1437 1251 1502 adservantur
1266 1437 1356 1501 lucu-

215 1541 318 1604 lenter
340 1539 585 1606 demonstratur.
620 1543 819 1624 Quamquam
842 1540 956 1606 similis
976 1541 1141 1625 inscriptio
1165 1539 1356 1624 sepulcralis

216 1643 304 1708 ursei
327 1663 430 1726 neque
454 1665 572 1728 graeca
594 1643 662 1709 ulla
689 1644 827 1710 innotuit
849 1665 954 1727 neque
980 1645 1179 1730 aegyptias
1207 1646 1242 1708 L.
1268 1644 1356 1710 Ster-

216 1746 270 1810 nio
286 1747 353 1812 viro
369 1769 474 1812 rerum
490 1749 713 1834 aegyptiarum
735 1749 927 1834 peritissimo
943 1747 1080 1831 allegari
1096 1747 1207 1832 potuit.

302 1867 371 1946 Quo
387 1869 491 1953 magis
506 1877 610 1936 autem
628 1870 781 1954 Aegyptii
804 1869 959 1934 animalia
973 1869 1031 1934 illa
1045 1869 1291 1952 venerabantur,
1317 1889 1356 1934 oo

217 1971 349 2055 gravius
365 1973 556 2058 supplicium
573 1973 613 2038 de
632 1993 670 2038 co
693 1973 749 2056 qui
770 1973 908 2039 bestiam
932 1993 1056 2039 sacram
1080 1973 1186 2038 sciens
1209 1979 1357 2038 necasset

217 2077 417 2142 sumebatur:
451 2097 545 2160 quem
566 2097 606 2142 er
630 2077 703 2160 lege
723 2077 833 2141 mortis
857 2076 1099 2142 condemnatam
1122 2095 1194 2142 esse
1210 2073 1356 2140 Herodo-

217 2185 268 2242 tus
291 2183 464 2258 testatur.³)
506 2180 573 2245 Iam
598 2178 658 2244 boc
680 2180 750 2244 loco
772 2199 844 2244 cum
859 2181 989 2263 ignotm
1005 2179 1046 2243 sit
1061 2179 1245 2245 interfector
1266 2179 1356 2262 ipsos

218 2290 385 2368 serpentes
409 2303 481 2348 eum
505 2289 729 2368 persecuturos
752 2301 824 2348 esse
854 2281 1060 2368 praedicitur.
1101 2283 1148 2346 Ao
1170 2289 1278 2348 notum
1306 2289 1357 2348 est

217 2406 349 2452 urceum
365 2385 505 2452 omnium
522 2407 594 2452 esso
609 2385 795 2452 animalium
814 2387 953 2452 maxime
968 2393 1162 2452 venenatum
1179 2393 1274 2470 atque
1298 2405 1355 2471 pe-

218 2489 402 2573 stiferum.⁴)

304 2591 514 2678 Epigramma
535 2613 650 2677 graece
673 2593 847 2678 scriptum,
877 2594 967 2660 cuius
990 2599 1214 2678 argumentum
1237 2592 1357 2677 optime

219 2717 290 2762 cum
304 2697 533 2782 Aegyptiorum
550 2698 690 2764 moribus
703 2718 879 2780 congmere
891 2698 1099 2778 ostendimus,
1115 2703 1200 2762 certe
1211 2703 1268 2762 aut
1282 2697 1357 2764 Pto-

219 2801 414 2866 lemaeorum
431 2801 642 2886 posteriorum
657 2809 714 2866 aut
728 2801 838 2886 primis
854 2801 1079 2867 dominationis
1097 2801 1261 2866 Romanae
1277 2809 1357 2866 tem-

220 2905 349 2989 poribus
365 2904 601 2971 attribuendum
614 2911 674 2970 est.
699 2905 783 2970 Nam
796 2905 989 2971 Ptolemaeis
1004 2905 1212 2988 regnantibus
1225 2905 1358 2988 linguae

220 3028 356 3090 graecae
375 3007 459 3072 inter
473 3008 651 3092 Aegyptios
674 3027 753 3074 uuus
775 3009 857 3075 adeo
879 3009 1088 3095 pervulgatus
1110 3015 1176 3088 est,
1203 3015 1238 3074 ut
1259 3009 1356 3074 etiam

221 3111 354 3175 Romani
376 3111 409 3174 in
425 3110 679 3178 administranda
693 3113 844 3197 Aegypto
859 3132 930 3176 cam
946 3112 1129 3178 retinerent.
1162 3113 1209 3177 Ao
1232 3113 1357 3181 litterae

219 3213 436 3300 inscriptionis
456 3215 550 3298 primi
565 3215 633 3281 fere
649 3235 680 3280 a.
699 3217 736 3282 Ο.
755 3215 875 3280 saeculi
897 3215 1052 3299 praebent
1066 3214 1216 3299 speciem.
1254 3214 1358 3280 Grac-

220 3337 291 3382 cum
302 3327 408 3384 autcm
421 3317 582 3384 hominem
594 3339 635 3384 ne
651 3319 893 3404 epigrammatis
905 3325 1065 3384 auctorem
1081 3337 1153 3384 esse
1164 3324 1353 3396 statuamus,

220 3573 294 3646 ὄφιν
305 3577 510 3647 ζωγραφοῦσιν
528 3575 628 3645 ἔχοντα
647 3573 698 3642 τὴν
716 3573 805 3648 οὐρὰν
823 3573 880 3628 inb
894 3573 924 3626 τὸ
938 3573 1040 3629 λοιπὸν
1054 3579 1134 3646 σῶμα
1147 3575 1353 3646 apostrophus,

220 3659 255 3712 ὃν
272 3664 410 3714 καλοῦσιν
429 3659 581 3730 Αἰγύπτιοι
600 3660 717 3736 οὐραῖον
734 3665 791 3716 κτλ.

290 3767 308 3828 ¹)
329 3763 372 3818 bf.
388 3765 454 3819 Her.
469 3765 505 3830 ΙΙ,
520 3767 562 3818 38.
576 3767 619 3820 ΙΙ.
634 3769 677 3817 69.
691 3768 733 3819 72.
749 3768 790 3817 74.
817 3767 900 3820 Diod.
915 3765 936 3828 Ι,
954 3767 995 3821 83.

186 3855 190 3864 “
291 3871 311 3932 a
333 3888 360 3925 v.
375 3867 545 3934 wrrrrmon,
567 3870 697 3923 aurnum
716 3869 771 3923 aar
786 3875 899 3922 mrem
916 3871 940 3920 a.
957 3869 998 3922 eu.
1018 3868 1131 3921 aaron
1151 3867 1215 3920 rsus
1234 3867 1290 3922 vm.
1305 3867 1358 3932 ιιι,

223 3971 250 4024 p.
267 3957 316 4006 242
335 3971 377 4024 sq.
403 3953 435 4008 P.
456 3953 565 4009 Piorret
590 3953 778 4008 Dictionnaire
803 3955 946 4007 d’areddol.
965 3954 1052 4024 lqypt.
1087 3953 1176 4008 Paris.
1197 3955 1262 4004 1875
1287 3969 1309 4006 s.
1330 3971 1358 4010 r.

224 4039 342 4096 Uraeus.

290 4147 310 4210 ³)
333 4145 368 4201 ΙΙ.
383 4149 428 4197 os:
451 4143 481 4196 rb
501 4143 526 4196 (Γ
542 4141 578 4196 ἄν
590 4165 631 4203 τις
649 4148 704 4196 τῶν
721 4144 831 4216 θηρίων
849 4140 957 4196 τούτων
976 4141 1135 4214 ἀποκτείνῃ,
1156 4139 1191 4208 ἢν
1207 4144 1261 4214 μὲν
1279 4141 1357 4206 ἑκὼν,

223 4228 345 4288 θάνατος
364 4227 380 4296 ὴ
399 4231 482 4302 ζημία
500 4233 556 4284 κτλ.
585 4233 662 4286 Idem
675 4233 819 4286 Diodorus
832 4229 919 4285 refert
933 4232 954 4294 Ι,
971 4235 1012 4283 sa.

291 4337 310 4398 ⁴)
334 4355 359 4390 v.
375 4336 518 4404 Horapoll.
533 4337 576 4390 cd.
593 4337 729 4390 Leemans
742 4353 768 4405 p.
787 4337 843 4388 119.
