3274 4934
624 429 669 443 -
716 395 800 477 [ter]
847 431 889 442 -
1283 395 1321 455 41

191 589 238 648 tat
267 581 363 648 haec:
401 575 458 646 ‘ai
489 581 666 670 ἕνδημοι
700 577 822 668 ἀρχαί
855 583 905 646 die
933 603 993 646 nur
1022 583 1054 646 in
1076 582 1134 646 der
1154 582 1240 646 stadt
1261 581 1330 644 und

192 685 288 765 nicht,
322 685 379 749 wic
401 694 480 750 elwa
502 686 552 750 dic
574 695 742 772 suatopolc,
779 685 859 752 cuch
888 685 1071 750 caeacrlralb
1094 686 1254 750 deraclbcn
1276 683 1328 748 «tr

194 797 260 853 cmi
291 811 331 852 au
364 791 444 854 tlhea
476 789 595 854 habea:
627 798 892 875 entpepeapeacizt
921 789 971 853 dic
998 783 1176 874 ὑπερόριον
1209 780 1326 874 ἀρχαί’

196 891 245 973 [cf.
264 891 416 958 Aeschin.
434 911 461 958 c.
480 892 564 958 Tim.
587 897 640 958 19:
668 892 751 980 μήτε
775 887 881 980 ἀρχὴν
903 887 1032 976 ἀρχέτω
1055 891 1222 979 μηδεμίαν
1244 887 1326 978 μήτε

190 993 335 1082 ’ἔνδημον
362 993 445 1082 μήτε
477 989 686 1082 ὑπερόριον).
734 997 777 1064 At
798 997 868 1062 falli
899 997 1001 1062 virum
1035 995 1200 1080 egregium
1234 1000 1322 1078 puto.

190 1099 255 1166 Cur
277 1099 361 1166 enlm
384 1099 425 1165 ab
447 1097 507 1164 hoc
528 1099 728 1185 potissimum
751 1099 881 1166 foedere
909 1099 1082 1166 sanciendo
1112 1097 1245 1181 strategi
1268 1115 1326 1162 ex-

189 1201 368 1283 cludantur,
394 1201 448 1286 qui
471 1201 588 1268 totiens
610 1208 818 1287 comparent?
838 1203 950 1286 Neque
964 1201 1134 1268 Aeschinis
1157 1201 1246 1266 locus
1268 1201 1326 1266 ob·

187 1311 273 1370 stare
288 1303 368 1369 mihi
382 1305 518 1388 videtur,
534 1306 703 1389 quominus
716 1301 879 1393 ἐνδήμους
892 1299 997 1392 ἀρχάς
1007 1306 1095 1392 apud
1102 1304 1324 1389 Thucydidem

187 1407 266 1472 nihil
288 1407 379 1473 aliud
401 1427 474 1474 erse
495 1409 675 1476 iudicemus
697 1417 793 1492 atque
815 1410 1024 1494 magistratus
1046 1429 1167 1490 omncs,
1192 1410 1246 1493 qui
1261 1428 1324 1492 quo

188 1517 329 1594 tempore
352 1509 467 1577 foedus
489 1513 697 1578 sanciendum
721 1519 770 1578 cst
789 1513 824 1578 iu
846 1513 924 1578 urbe
947 1509 1189 1578 commorantur.
1230 1511 1322 1590 Quod

188 1619 293 1678 autem
311 1613 517 1698 magistratus
538 1615 735 1682 diversorum
751 1616 898 1682 ordinum
914 1634 1024 1680 omues
1038 1615 1144 1681 iurare
1158 1623 1320 1698 tamquam

188 1735 286 1780 unum
309 1717 481 1801 collegium
503 1718 662 1801 iubentur,
694 1725 759 1784 tam
782 1717 945 1802 siugulare
968 1725 1027 1800 est,
1053 1725 1089 1784 ut
1107 1717 1177 1784 eius
1193 1717 1240 1782 rei
1255 1717 1322 1782 alia

187 1820 322 1885 aliorum
345 1821 588 1906 circumspicere
611 1822 760 1906 exempla
781 1840 897 1906 operae
920 1821 1056 1906 pretium
1087 1821 1138 1886 sit.

270 1916 525 2008 ‘Magistratihus
548 1923 741 1993 domesticis’
764 1925 1007 1992 Atheniensium
1030 1924 1116 2010 apud
1135 1925 1236 1990 Thuc.
1256 1925 1277 1988 l.
1298 1925 1320 1988 l.

188 2027 384 2110 respondent
404 2027 673 2094 Mantmeensium
704 2026 739 2092 ai
771 2022 871 2093 ἄλλαι
900 2022 1002 2113 ἀρχαί
1029 2031 1084 2111 (sc.
1110 2035 1237 2114 praeter
1265 2026 1321 2093 de

189 2130 330 2214 miurgos
353 2138 385 2197 et
407 2135 578 2216 senatum),
614 2132 764 2198 Eleorum
788 2130 820 2198 oi
843 2130 885 2196 τὰ
906 2133 983 2219 τέλη
1006 2130 1156 2216 ἔχοντες,
1188 2131 1324 2215 Argiuo-

188 2254 257 2300 rum
282 2233 317 2299 αλ
341 2227 482 2320 ἆρτῠναι
491 2238 526 2319 ¹).
558 2235 681 2302 Eadem
704 2255 755 2302 res
778 2235 865 2322 apud
887 2235 1063 2302 Thessalos
1086 2243 1119 2302 ct
1139 2234 1228 2320 apud
1243 2235 1324 2301 lire·

187 2337 325 2404 trienses
348 2339 554 2405 observatur:
580 2339 622 2404 cf.
648 2337 800 2404 Mittlreri.
826 2342 858 2403 d.
883 2339 1000 2404 Athon.
1026 2341 1108 2404 last.
1134 2340 1166 2405 II
1189 2342 1251 2404 202
1280 2339 1319 2420 (v.

188 2461 219 2525 p.
247 2445 314 2524 47),
341 2441 395 2506 uhi
418 2441 520 2526 legati
542 2441 785 2509 Atheniensium
816 2439 965 2528 ἐξορκεῑν
993 2443 1143 2510 iubentur
1164 2442 1323 2527 Agelaum

188 2540 248 2609 τὸν
271 2539 433 2629 ἄρχοντα,
467 2545 704 2630 polemarch0s‚
740 2543 950 2630 hipparchea,
985 2545 1117 2629 equites,
1144 2544 1325 2612 hieromne-

190 2665 300 2713 moues
322 2647 391 2710 καὶ
413 2644 509 2724 τοὺς
533 2641 716 2732 taleme]
743 2643 972 2734 ἄρχοντας,
992 2641 1244 2734 ὁπόσοιὺπὲλρ]
1264 2653 1325 2712 τοῦ

188 2756 304 2815 κοινοῦ
326 2755 387 2815 τοῦ
412 2751 629 2816 Θετταλῶν
652 2745 853 2836 ἄρχουσλιμ.
877 2751 1002 2818 Deinde
1018 2751 1130 2818 foedus
1145 2751 1230 2817 iuter
1243 2751 1324 2816 Ere-

187 2853 323 2920 trienses
345 2861 378 2919 ct
399 2853 600 2920 Histiatnses
622 2854 713 2921 initio
735 2855 791 2920 IV.
816 2875 846 2920 a.
874 2854 932 2922 Oh.
958 2854 1079 2921 saeculi
1102 2854 1219 2920 iactum
1243 2854 1324 2920 haec

188 2951 735 3044 habetfflcxuaol.'qupr.1872,
763 2951 816 3044 ἄρ.
835 2961 948 3042 417²):
980 2951 1128 3042 [Όμόραι
1151 2957 1187 3022 δὲ
1217 2995 1233 3006 -
1263 2995 1279 3006 -
1308 2993 1326 3006 -

187 3096 202 3108 -
225 3063 332 3143 -lool-
354 3097 371 3108 -
393 3063 462 3144 -]αι
494 3062 590 3144 τον[-
612 3064 663 3147 -lq
697 3057 758 3147 τὴν
791 3065 997 3144 σνμμαχλΙαν
1036 3059 1122 3126 κατὰ
1155 3059 1211 3144 alh
1246 3057 1325 3126 σύν-

187 3186 313 3249 poaque,
341 3161 371 3227 el
391 3163 428 3227 δὲ
444 3161 510 3250 ῂιή,
529 3161 619 3248 τὰς]
641 3169 715 3230 νῦν
731 3159 878 3250 ἀρχάς,
902 3157 1057 3250 ὃπόραι
1078 3159 1324 3250 &immotique

188 3265 230 3331 ἐν
254 3259 446 3351 {accipet
467 3278 530 3332 τεῑ
553 3263 691 3333 πόλει.
717 3268 821 3334 Etiam
845 3269 932 3354 apud
955 3269 1037 3334 alius
1060 3267 1205 3334 civitates
1228 3267 1324 3334 certis

186 3371 381 3455 temporibus
404 3371 511 3436 omnia
525 3371 769 3455 magistratuum
785 3371 924 3456 collegia
940 3371 1130 3437 coniunctIm
1146 3371 1254 3456 egisse
1272 3371 1325 3436 in-

188 3473 362 3559 scriptione
382 3474 500 3540 hesbin
521 3472 670 3540 docemur
692 3473 756 3539 iam
780 3481 856 3542 ante
872 3474 924 3542 Ol.
944 3477 984 3540 96
1001 3480 1175 3556 exaratae,
1202 3475 1242 3542 de
1258 3497 1323 3560 qua

189 3597 291 3662 nuper
305 3577 450 3642 Blassius
465 3577 498 3642 in
513 3577 652 3643 Hermae
675 3577 737 3642 vol.
748 3577 828 3642 XIII
843 3597 874 3662 p.
887 3579 950 3642 382
966 3597 1035 3662 sqq.
1051 3577 1211 3645 disseruit.
1239 3579 1325 3645 (Ion-

187 3683 267 3749 tinet
297 3689 425 3767 pactum
462 3681 727 3766 Mytilenaeorum
763 3688 795 3748 ct
827 3681 1080 3748 Phocaeensium
1115 3682 1155 3749 de
1183 3681 1324 3748 nummis

188 3785 294 3852 aureis
312 3783 477 3864 cudendis,
497 3784 552 3850 ubi
569 3784 609 3850 de
625 3784 729 3851 falsae
745 3792 894 3852 monetae
916 3785 980 3852 reis
1003 3783 1184 3852 iudicandis
1208 3785 1325 3852 dIcitur

257 4064 273 4122 ¹)
295 4057 339 4116 Cf.
360 4059 543 4116 Schoemanu.
567 4063 616 4114 Gr.
631 4061 689 4114 All.
708 4059 719 4114 l
741 4063 798 4114 147.
821 4065 878 4113 too.
901 4063 958 4115 153.

255 4146 273 4204 ²1
297 4147 495 4202 Eustrsdiadis
515 4147 710 4216 supplementa
728 4163 824 4218 parum
844 4149 1005 4216 probabilia
1022 4150 1114 4204 omisi.

254 4235 272 4298 ³)
295 4231 339 4288 CI.
359 4230 477 4288 Beehtel
507 4234 534 4287 iu
560 4233 783 4302 Bezzenbergeri
809 4235 938 4306 Beitrilpe
961 4255 983 4288 a.
1005 4237 1103 4290 Kundc
1127 4240 1154 4292 d.
1175 4238 1321 4309 iudopcrm.

186 4318 302 4388 Spracle
323 4317 394 4388 Vp.
418 4319 473 4370 108.
