3274 4934
778 391 993 454 ,68-

317 563 439 629 ratione
468 562 715 628 demonstratur.
770 562 830 626 Cui
851 562 897 627 rei
920 563 1071 628 conuenit
1097 562 1182 644 quod
1205 561 1300 628 deum
1323 561 1458 628 hiandu-

318 667 365 732 lin
387 685 450 732 non
471 666 574 730 solnm
591 665 773 750 Apollinem
797 673 829 730 et
844 665 951 732 Solem
975 665 1033 731 sed
1056 666 1152 732 etiam
1179 667 1305 732 nomine
1320 665 1459 732 Macarei

318 770 375 834 lilii
395 770 527 851 (Mentul
542 768 708 852 infantem)
731 769 908 852 appellant.
948 770 1062 852 Neque
1084 789 1161 834 casu
1180 769 1299 835 factum
1321 789 1394 834 esse
1409 769 1459 832 ui-

318 873 413 938 detur
434 879 469 938 ut
490 873 623 938 Nonnns
652 879 685 938 et
707 872 776 956 ipse
798 873 979 957 Aegyptius
1008 873 1127 957 pariter
1148 879 1245 955 atque
1270 873 1459 956 hymnorum

261 967 263 973 ’
316 983 462 1040 auctores
478 975 586 1040 Solem
605 980 731 1060 Τιτηνα
742 978 760 1055 1)
783 981 911 1040 vocaret
929 983 961 1040 et
979 975 1062 1041 inter
1077 976 1161 1040 Solis
1176 975 1257 1040 lilios
1272 975 1456 1040 Macareum

316 1085 518 1144 enumeraret
526 1081 564 1159 ²).
582 1077 645 1154 Qui
656 1077 736 1142 deus
748 1078 795 1142 ita
806 1079 971 1144 colebatur
983 1087 1018 1144 ut
1029 1079 1175 1144 homines
1187 1099 1259 1144 eum
1275 1085 1363 1144 caste
1378 1097 1456 1144 san-

314 1189 429 1262 cteque
444 1181 601 1246 vixissent
614 1201 654 1246 ac
668 1181 791 1246 scelera
806 1182 1036 1265 explevissent,
1057 1203 1151 1248 mane
1166 1181 1291 1246 exirent
1301 1181 1345 1246 ad
1357 1182 1453 1248 deum

316 1285 470 1349 orientem
493 1285 761 1368 exspectandum
789 1285 879 1349 cuius
909 1285 1028 1350 indicia
1051 1285 1105 1350 ubi
1135 1292 1338 1370 aspexerunt,
1368 1291 1457 1349 tanto

318 1388 437 1469 gaudio
452 1389 559 1453 allecti
575 1407 647 1453 esse
663 1387 812 1453 videntur
834 1397 952 1472 quanto
976 1388 1121 1452 homiues
1136 1389 1169 1452 in
1186 1407 1278 1452 sacra
1294 1387 1391 1453 Isidis
1407 1407 1459 1451 re-

318 1491 416 1575 cepti,
447 1511 517 1555 cum
541 1491 645 1556 subito
661 1491 820 1556 Osiridem
848 1491 902 1555 diu
919 1492 1158 1556 commiseratos
1175 1499 1207 1556 et
1222 1497 1406 1575 persecutos
1422 1509 1460 1554 se

318 1594 480 1659 invenisse
496 1595 714 1659 exclamarent
723 1599 760 1675 ³).
793 1593 997 1678 Quantopere
1012 1601 1119 1660 alutem
1135 1595 1168 1660 in
1187 1595 1371 1679 regionibus
1392 1594 1460 1658 illis

320 1697 511 1780 Aethiopiae
533 1698 610 1762 solia
625 1697 757 1762 orientis
773 1695 925 1778 splendor
946 1705 978 1762 et
1000 1704 1151 1782 aspectus
1172 1697 1297 1762 animos
1321 1716 1461 1761 commo

224 1859 228 1866 .
319 1807 408 1883 veat,
433 1820 495 1864 non
519 1802 619 1864 solum
640 1800 695 1882 qui
719 1801 779 1864 hac
801 1807 907 1866 aetate
934 1821 1005 1865 eam
1027 1807 1143 1865 terram
1161 1802 1396 1885 perlustrarunt
1410 1808 1461 1865 te-

319 1911 444 1969 stantur·
465 1904 522 1968 sed
543 1904 638 1968 etiam
666 1911 791 1968 veteres
812 1904 1123 1984 animadverterunt,
1148 1911 1183 1969 ut
1200 1903 1461 1986 Agatharchides

319 2027 397 2072 urar.
425 2029 471 2072 er.
499 2012 559 2071 luo
586 2007 744 2090 [Mllllcdz
783 2013 845 2072 τοῦ
867 2006 904 2071 δὲ
933 2001 1030 2094 Ιἡλίου
1059 2005 1119 2092 την
1148 2005 1294 2092 ἕκφασιν
1323 2005 1360 2072 ἒν
1388 2019 1462 2083 τοῖς

319 2110 475 2175 ἐπέκεινα
508 2109 744 2192 Πτολεμαΐδος
778 2108 869 2175 ἰδίαν
902 2111 1038 2194 λέγουσι
1070 2111 1126 2174 καὶ
1161 2111 1457 2197 παρηλλαγμένην.

319 2218 463 2298 Πρῶτον
491 2213 640 2299 μὲνγὰρ
670 2205 711 2278 od
740 2209 901 2298 καθάπερ
932 2211 1009 2300 παρ’
1036 2207 1118 2300 ἡμῖν
1140 2221 1213 2300 φῶς
1236 2208 1374 2300 ἀνήλιον
1396 2213 1462 2277 dro—

318 2323 382 2382 deo
405 2310 536 2402 ὁρῶμεν
558 2316 616 2380 ἐπὶ
630 2313 756 2402 χρόνον
771 2311 830 2382 οὐκ
847 2311 971 2402 ὀλίγον,
991 2312 1065 2407 εἶτα
1081 2315 1142 2404 τὴν
1159 2312 1343 2404 ἀνατολήν·
1372 2312 1460 2380 ἀλλὰ

316 2417 437 2497 νυκτὸς
453 2425 590 2496 σκοτίας
605 2414 823 2508 ὑπαρχούσης
840 2419 1002 2509 ἐξαίφνης
1018 2414 1216 2505 ἀνέλαμψεν
1233 2415 1333 2508 ἥλιος,
1350 2414 1459 2507 ἡμέρα

321 2524 357 2588 δὲ
381 2521 545 2591 οὐδέποτε
567 2529 695 2609 γίνεται
719 2523 825 2590 ἐκεῖσε
848 2526 932 2612 πρὶν
953 2523 1014 2592 τὸν
1035 2520 1131 2613 ἥλιον
1154 2523 1249 2590 ἰδεῖν.

406 2629 518 2693 Sermo
530 2628 641 2692 horum
655 2623 845 2712 lrymnc'rum
862 2630 942 2694 satis
954 2629 1109 2694 barbarus
1126 2635 1184 2694 cet.
1204 2627 1369 2706 Quomodo
1384 2649 1462 2694 vcro

319 2732 495 2817 Aethiopes
519 2731 649 2796 barbari
672 2732 815 2814 linguam
839 2751 987 2815 graecam
1010 2733 1041 2796 in
1066 2749 1159 2796 suum
1178 2751 1270 2797 usum
1287 2732 1463 2797 vertissent

318 2835 427 2917 itaque
450 2855 566 2899 nouam
589 2834 762 2900 dialectum
785 2837 951 2918 vulgarem
969 2836 1203 2916 formavissent,
1235 2835 1275 2900 de
1290 2855 1330 2900 ea
1345 2856 1379 2900 re
1395 2836 1460 2899 iam

320 2939 541 3004 disseruerunt
555 2938 702 3004 Niebuhr
723 2937 755 3002 in
775 2939 1041 3004 commentatione
1056 2939 1097 3003 de
1112 2938 1373 3023 inscriptionibus
1390 2940 1464 3004 Nu-

319 3042 485 3108 biensibus
500 3042 681 3125 conscripta
688 3045 709 3124 ⁴)
731 3042 915 3106 etMullach
930 3043 964 3106 in
979 3042 1110 3125 Encyol.
1131 3043 1206 3106 Hal.
1221 3042 1284 3106 vol.
1298 3047 1332 3106 81
1355 3061 1387 3125 p.
1407 3047 1459 3106 10.

317 3146 475 3230 HymniB
495 3145 570 3210 etO
591 3145 717 3209 etiarnsi
740 3153 827 3211 certo
843 3151 944 3210 metro
959 3165 1024 3209 non
1047 3145 1111 3208 sint
1133 3145 1278 3230 concepti
1287 3151 1324 3226 ⁶),
1349 3153 1463 3211 tamen

320 3256 447 3333 propter
462 3247 636 3313 oraticnem
654 3247 809 3332 poeticam
828 3249 886 3312 boc
903 3249 971 3314 loco
986 3247 1151 3314 omittendi
1167 3269 1228 3312 non
1245 3255 1346 3312 erant.

387 3507 404 3570 ¹)
427 3507 545 3578 Dionys.
561 3509 585 3570 2,
602 3510 660 3558 544.
693 3509 732 3572 19,
748 3509 807 3560 206.
913 3509 932 3571 ²)
954 3507 994 3562 ib.
1011 3511 1051 3572 ll,
1066 3511 1108 3559 ll.

385 3593 404 3654 ³1
426 3611 453 3648 v.
468 3593 583 3656 Preller,
606 3593 686 3645 Rbus.
707 3593 795 3662 Myro.
816 3611 843 3664 p.
860 3595 919 3645 731.

386 3681 406 3744 ⁴)
427 3697 454 3735 v.
470 3679 541 3744 Gau,
564 3679 761 3733 Neuenldecdte
775 3680 942 3734 Derrkmdler
955 3699 1003 3733 oua
1016 3681 1122 3732 Nabion
1141 3695 1169 3747 p.
1184 3681 1209 3731 8.

384 3767 404 3829 ὓ)
426 3764 470 3820 Of.
485 3783 512 3820 n.
527 3764 661 3821 xxxid.
