3258 4924
619 472 829 534 ..ss1...

155 661 475 742 accelerarentur
499 681 536 724 ea
560 681 657 745 quum
687 660 871 724 brevissimo
902 660 1073 728 intervallo
1095 663 1115 726 i.
1138 681 1164 728 e.
1189 661 1297 728 statim

155 774 230 854 post
252 765 322 831 dies
343 765 505 850 legitimos
528 765 719 847 praeteritos
742 765 775 829 in
798 766 947 832 contione
971 773 1178 851 proponatur.

259 869 396 934 Prorsus
419 868 533 933 similia
555 868 736 933 invenimus
752 867 977 934 thermothetis
992 870 1130 956 praecipi
1147 869 1297 938 derebus

156 973 314 1039 iudicibus
345 972 561 1058 proponendis
594 970 670 1037 ὅταν
692 975 812 1054 πρῶτον
832 967 898 1036 οἶόν
919 999 951 1037 τι
974 969 996 1061 ἦ
1032 972 1101 1058 (nn.
1125 975 1185 1058 613
1219 977 1296 1056 3123

156 1077 249 1158 367);
272 1073 347 1141 ὅταν
360 1083 484 1158 πρῶτον
501 1075 698 1160 α’ναιιληρῶσι
714 1072 909 1158 δικαστήριον
932 1076 998 1156 (nn.
1014 1079 1094 1157 3003
1116 1081 1195 1154 3253
1217 1081 1297 1161 401;
1406 1153 1413 1166 Ι

156 1179 252 1265 402);
284 1181 429 1264 inprimis
450 1202 480 1244 n.
515 1181 578 1243 369
609 1176 681 1256 roric
709 1178 744 1242 δὲ
776 1177 976 1258 θεσμοθέτας
1005 1181 1174 1262 εἰσαγαγεῖν
1201 1179 1297 1247 aistis

156 1283 223 1367 τήν,
237 1283 416 1364 δοκιμασίαν
445 1285 499 1366 τῆς
528 1285 645 1363 δωρεᾶς
667 1281 709 1358 εἰς
731 1278 768 1344 τό
790 1279 997 1366 δικαστήριον,
1018 1279 1092 1348 b'ror
1114 1281 1295 1368 ἀναπληρω-

157 1395 257 1453 &oium
279 1387 311 1450 ai
334 1389 368 1452 ἐκ
390 1393 446 1450 τοῦ
468 1383 563 1465 νόμον
587 1382 705 1467 ἡμέραι.

261 1489 330 1555 Iam
354 1511 395 1554 na
424 1495 574 1574 putemus
606 1488 700 1552 certis
724 1493 849 1552 tantum
872 1488 968 1553 rebus
990 1489 1063 1573 lege
1086 1491 1296 1556 constitutum

154 1594 254 1660 fuisse
277 1599 400 1658 eertum
430 1590 552 1656 dierum
583 1611 752 1655 numerum
775 1591 888 1674 quibus
912 1594 1050 1678 peractis
1073 1593 1200 1658 demum
1223 1616 1297 1680 pro·

156 1699 232 1784 poni
256 1718 294 1761 ea
316 1696 444 1761 liceret:
474 1701 665 1780 argumenta
696 1695 837 1760 omniurn
859 1695 1024 1760 titulorum
1048 1696 1102 1780 qui
1123 1697 1208 1764 illam
1232 1697 1297 1762 ior·

158 1801 275 1866 mulam
299 1799 452 1864 exhibent
474 1798 514 1862 ad
537 1799 676 1866 honores
699 1806 754 1862 aut
776 1799 951 1885 peregrinis
974 1805 1031 1864 aut
1045 1799 1167 1864 civibus
1190 1801 1297 1866 conte-

155 1904 273 1970 rendos
296 1889 451 1988 speeta'nt,
475 1901 600 1986 quade
622 1921 658 1966 re
680 1909 804 1968 eertum
822 1903 973 1987 temporis
997 1903 1201 1968 intervallum
1223 1903 1296 1987 lege

156 2009 347 2091 imperatum
368 2005 469 2071 inisse
492 2025 552 2068 nec
575 2003 766 2069 verisimile
798 2011 928 2070 estnec
951 2005 1106 2090 probatur
1129 2005 1228 2070 titulis
1250 2007 1297 2070 in·

157 2111 298 2176 numeris
321 2109 429 2194 quiin
453 2129 492 2172 eo
516 2113 706 2191 argumento
730 2113 906 2172 versantur.

258 2209 328 2276 Neo
350 2211 452 2295 magis
475 2209 515 2274 ds
539 2215 626 2274 certo
651 2217 795 2296 tempore
817 2209 950 2294 cogitari
971 2215 1098 2296 potest,
1128 2231 1186 2295 per
1209 2211 1297 2296 quod

155 2317 209 2382 lex
239 2313 375 2379 valuerit
404 2333 574 2376 numerum
607 2311 732 2376 dierum
764 2317 838 2377 anto
868 2329 949 2396 quos
977 2313 1084 2378 contio
1107 2313 1220 2380 haberi
1242 2335 1297 2380 ne·

159 2417 266 2503 quiret
310 2415 474 2480 definiens.
542 2413 692 2500 Quinque
734 2413 819 2479 onim
863 2415 946 2480 tituli
988 2415 1125 2481 formula
1162 2417 1217 2482 ilis
1253 2418 1299 2482 in·

156 2522 263 2604 signes
285 2519 446 2604 pertinent
473 2516 514 2580 ad
541 2516 666 2582 initium
696 2537 780 2582 saec.
804 2514 872 2597 ΙΙΙ,
904 2515 1019 2601 Ἀθήν.
1043 2517 1092 2582 VI
1118 2521 1177 2584 135
1200 2541 1230 2584 n.
1258 2521 1296 2584 10

155 2623 315 2709 pertinere
338 2620 377 2684 ad
402 2639 484 2684 saec.
501 2619 549 2684 IV
567 2641 608 2684 ex
623 2619 803 2684 litteratura
818 2620 998 2704 suspicatus
1014 2626 1063 2686 est
1079 2620 1295 2704 Cumanudis3

157 2723 384 2798 Demosthenis
413 2723 552 2809 denique
583 2723 685 2786 oratio
709 2722 793 2786 XIX
823 2723 932 2788 habita
955 2732 1003 2789 est
1026 2745 1111 2790 anno
1136 2727 1176 2792 oi.
1201 2729 1295 2810 1093
1415 2763 1418 2768 ·

156 2859 199 2884 =
221 2829 330 2908 sassa.
374 2827 542 2892 Formulas
564 2833 672 2892 autem
695 2826 790 2890 variis
818 2827 1015 2912 temporibus
1037 2836 1069 2892 et
1091 2830 1177 2914 ipssa
1198 2829 1297 2896 fuisse

156 2931 260 2997 varias
282 2937 393 2994 notum
415 2937 473 2994 est.
517 2931 690 2996 Praeterea
713 2930 807 2994 etiam
831 2930 863 2995 in
890 2931 928 2994 iis
951 2931 1050 2996 titulis
1074 2933 1129 3018 qni
1152 2933 1213 2998 iliis
1236 2956 1296 3000 sex

155 3033 414 3118 inscriptionibus
445 3040 550 3098 aetate
581 3032 649 3098 fere
684 3054 840 3118 suppares
873 3041 965 3116 sunt,
1006 3035 1124 3120 legitur
1160 3035 1297 3102 formula

156 3138 251 3202 solita
274 3133 345 3213 τούς
367 3136 402 3199 tt
426 3135 590 3216 npoib‘povr
612 3133 702 3210 obiit
725 3135 841 3220 λάχωσι
866 3136 1057 3219 προεδρεύειν
1076 3141 1108 3202 ἐν
1123 3147 1179 3204 τῶι
1194 3137 1295 3223 ὃὴμιιιι

155 3243 198 3318 εἰς
220 3237 277 3322 τήν
299 3237 445 3304 ἕπιοῦσαν
467 3237 627 3320 ἐκκλησίαν
645 3239 833 3324 χρηματίσαι
856 3246 916 3304 ste.

260 3341 406 3428 Adparet
437 3341 533 3426 igitur
566 3341 671 3428 legem
702 3341 742 3406 de
777 3342 871 3408 certis
905 3342 966 3408 illis
998 3342 1113 3410 diebus
1147 3350 1179 3410 ct
1211 3345 1297 3410 omni

155 3454 299 3532 tempore
324 3456 357 3513 et
379 3447 420 3511 de
442 3445 538 3524 rebus
562 3445 717 3511 contionis
742 3445 888 3511 omnibus
911 3447 1058 3512 valuisse.

261 3549 376 3635 Neque
407 3570 483 3614 vero
518 3549 651 3634 eogitari
685 3555 792 3634 potest
830 3549 870 3614 ds
901 3549 1069 3615 intervallo
1101 3551 1184 3615 inter
1215 3549 1296 3617 duas

158 3653 322 3718 contiones
346 3673 419 3717 sese
443 3653 641 3738 excipientes
664 3653 715 3716 rel
738 3652 821 3718 inter
844 3661 974 3718 senatus
991 3653 1156 3718 consilium
1173 3661 1205 3718 et
1221 3675 1297 3719 con·

156 3758 276 3822 tionem
299 3757 380 3820 fixo:
409 3755 502 3841 quale
524 3756 551 3820 si
572 3755 685 3820 inisset
714 3754 787 3840 iege
809 3761 980 3837 statutum,
1010 3763 1046 3821 ut
1069 3777 1119 3821 res
1139 3757 1296 3823 accelera·

155 3867 244 3925 retur
267 3867 355 3926 certo
377 3860 447 3926 fiori
468 3881 532 3926 uon
554 3867 691 3945 poterat.
1315 3867 1321 3872 ’

259 3965 370 4030 Unum
392 3964 489 4047 igitur
511 3966 544 4028 in
567 3969 717 4048 promptu
739 3970 857 4028 estrat
879 3963 1150 4030 iormulamillam
1167 3965 1297 4051 exlege

157 4067 354 4154 explicemus
383 4068 476 4132 cuius
506 4067 625 4130 mentio
654 4067 690 4130 fit
719 4067 807 4151 apud
834 4065 985 4130 Photium
1009 4089 1032 4132 s.
1056 4088 1085 4131 v.
1115 4067 1297 4151 πρόπεμπτα

156 4169 207 4252 [II
229 4191 258 4254 p.
272 4171 346 4233 1110
369 4168 431 4250 N.).
466 4166 503 4233 τὸ
526 4165 585 4251 opti
608 4165 696 4232 πέντε
711 4167 836 4251 ἡμερῶν
851 4176 906 4254 τῆς
921 4167 1077 4251 ἐκκλησίας
1100 4169 1296 4256 προγρὰφιιν,

156 4269 204 4336 ὅτι
227 4268 311 4335 ἔσται
334 4268 354 4354 η’
378 4269 522 4354 ἐκκλησία
545 4271 572 4335 εἰ
596 4269 702 4354 τύχοι,
728 4271 781 4334 ἵνα
802 4273 851 4335 καὶ
874 4271 901 4335 oi
925 4269 959 4334 ir
982 4279 1047 4348 τοῖς
1068 4269 1172 4354 ἀγροῖς
1193 4273 1297 4339 συνέλ-

157 4380 240 4438 θωσι
263 4376 312 4447 καὶ
334 4375 461 4439 {tractos
475 4379 539 4437 τῶν
552 4375 673 4457 βουλιὸν
692 4379 951 4461 προευτρεπισθῇ·
974 4378 1008 4438 et
1023 4375 1077 4438 lex
1093 4375 1173 4442 rhet.
1190 4376 1295 4446 sera.
