3276 4932
646 443 690 454 -
736 407 821 491 [mr]
869 443 911 456 -
1305 409 1347 470 66

212 599 313 676 414,6
329 602 380 661 661
393 596 445 678 ab]
464 601 497 661 et
511 597 552 663 ab
571 598 635 680 [V]
655 596 667 682 ]]
684 601 757 680 415,
776 610 785 658 1
805 597 937 679 omneis]
956 596 1059 662 omnis
1075 597 1088 680 ]]
1103 595 1190 679 quod
1204 597 1232 661 si
1246 599 1344 678 esset]

212 698 296 781 quod
312 707 421 766 esseut
439 703 473 764 V
483 702 496 785 ΗΗ
511 714 528 762 6
543 702 638 767 ebore
654 701 792 784 aliisque
807 701 914 784 rebus]
937 702 1032 766 ebore
1050 747 1118 766 ....
1136 701 1232 768 rebus
1250 701 1348 764 66166-

212 802 306 866 mieso
327 803 441 868 iterum
463 805 566 888 spatio
590 814 740 890 quattuor
761 806 937 870 litterarum
952 807 966 890 ΗΗ
982 819 995 867 1
1012 804 1165 888 grabatis]
1191 804 1349 888 grabattis

216 908 301 990 [W]
328 908 341 994 ΗΗ
363 912 438 990 416,
461 921 470 970 1
489 909 657 976 verborum
673 909 969 975 dissimilitudinem
991 929 1074 991 quae
1097 907 1192 974 sitin
1215 929 1348 975 cousue-

210 1011 330 1095 moine]
366 1014 533 1079 uerborum
556 1012 818 1079 dissimilitudine
841 1032 923 1096 quae
950 1013 992 1078 sit
1021 1013 1349 1097 inconsuetudinem]

211 1127 283 1182 cca
298 1115 391 1182 nobis
410 1117 621 1198 observanda]
647 1133 689 1184 ea
711 1115 931 1184 obseruanda
957 1119 1022 1200 [V]
1042 1117 1192 1202 1166ιί1611]
1219 1117 1317 1182 nichil
1339 1117 1349 1202 ΗΗ

213 1223 431 1302 ssequamur]
457 1235 645 1300 sequemur
671 1222 684 1305 ΗΗ
709 1233 739 1281 16
762 1220 907 1304 luppitri]
933 1219 1049 1304 iuppiti
1074 1223 1107 1284 V
1132 1221 1144 1306 ]]
1175 1223 1281 1300 417,6
1306 1220 1348 1284 ab

211 1321 431 1405 dissimilibus]
458 1324 499 1389 ab
522 1325 573 1389 his
596 1324 753 1389 similibus
780 1327 843 1406 [V]
876 1325 890 1407 ΗΗ
916 1337 931 1384 5
955 1330 987 1388 et
1009 1343 1030 1388 n
1052 1323 1221 1406 similibus]
1248 1331 1280 1388 et
1302 1323 1349 1388 si-

212 1426 341 1490 milibus
368 1429 431 1510 ]V]
465 1427 477 1512 ]]
508 1427 751 1505 eosimilibus}
778 1427 1002 1494 absimilibus
1032 1429 1045 1512 ΗΗ
1078 1429 1246 1510 incontra]
1272 1448 1349 1492 con-

211 1530 309 1594 traria
334 1531 398 1613 [V]
433 1531 445 1616 ΗΗ
478 1541 506 1592 11
532 1531 685 1617 Iuppiter]
717 1531 836 1616 iupiter
861 1533 948 1614 ]V*]
981 1531 994 1616 ΗΗ
1024 1530 1108 1614 ovis,
1135 1539 1167 1596 61
1189 1531 1257 1595 Iovi
1281 1531 1344 1613 ovi]

211 1634 283 1699 ouis
302 1671 308 1683 ·
327 1635 392 1700 iohi
411 1671 418 1686 ·
435 1635 548 1716 ouis]
581 1635 661 1719 (ouis
683 1635 751 1700 Ioui
774 1636 826 1700 oui
850 1639 895 1718 V]
930 1637 943 1720 ΗΗ
973 1637 1078 1718 418,1
1106 1655 1144 1702 ec
1166 1636 1275 1713 eliam]
1309 1655 1347 1700 eo

211 1737 339 1818 iambe]
375 1739 389 1822 ΙΙ
419 1731 635 1823 cratonum]
668 1737 907 1820 analogiaslii]
936 1741 970 1802 V
995 1738 1007 1823 Η
1038 1749 1053 1800 2
1081 1739 1122 1804 ab
1145 1737 1270 1818 iisdem]
1306 1738 1347 1802 ab

210 1839 355 1922 hisdem,
388 1842 461 1905 item
481 1843 578 1925 poulo
597 1851 672 1926 pont
694 1845 728 1905 V
753 1843 765 1926 ]]
796 1842 947 1923 shlbne]
974 1842 1069 1907 aluae
1092 1845 1127 1905 V
1158 1841 1171 1925 ΗΗ
1208 1853 1224 1902 6
1247 1841 1347 1906 Athe-

210 1945 294 2026 naei]
331 1946 470 2010 athenae
504 1945 639 2028 (Athene
670 1949 715 2029 V)
750 1947 763 2030 ΗΗ
794 1959 808 2006 r
835 1946 1061 2028 Athenienses]
1097 1945 1258 2010 athenaiis
1281 1949 1315 2008 V
1339 1944 1349 2028 ]]

210 2048 381 2125 sSatnrni]
407 2049 503 2113 66616Ὶ
525 2049 659 2132 (Saterni
684 2053 729 2130 V]
762 2051 774 2134 ΗΗ
806 2051 869 2132 luo]
895 2049 959 2129 lui,
985 2057 1020 2113 ut
1042 2049 1106 2113 orii.
1139 2051 1152 2134 ]]
1184 2061 1214 2110 lo
1237 2069 1258 2114 a
1281 2050 1348 2112 sol-

211 2151 323 2234 vendo]
350 2153 393 2218 ab
416 2153 571 2220 soluendo
602 2153 614 2238 ΗΗ
644 2153 773 2218 nomina
795 2153 911 2236 virilia]
946 2153 1054 2218 omula
1075 2153 1223 2218 liberalia
1248 2155 1313 2234 [V]
1339 2151 1349 2236 ]]

210 2259 282 2332 1111,
309 2265 324 2316 2
353 2275 424 2320 cum
458 2254 557 2320 dandi
583 2275 659 2320 casu
690 2255 820 2338 similia]
857 2277 929 2322 cum
957 2255 1037 2332 darrt
1065 2255 1235 2322 dissimilia
1262 2257 1345 2336 [enm

210 2357 290 2422 dent
317 2358 437 2423 similia
466 2361 512 2441 V]
546 2359 559 2444 ΗΗ
591 2359 729 2425 feminae
759 2359 940 2442 Terentiae]
979 2359 1099 2425 femina
1128 2365 1178 2425 est
1209 2359 1346 2424 terentio

217 2463 252 2522 V
276 2462 289 2545 ΗΗ
320 2461 480 2544 scudem]
514 2471 687 2526 correctam
709 2485 747 2526 66
770 2483 809 2528 ca
835 2465 847 2548 Η
875 2463 962 2544 uiris]
990 2472 1163 2527 correctum
1186 2485 1225 2526 66
1247 2463 1341 2534 uires.

210 2571 246 2626 ot
268 2563 391 2630 videtur
420 2567 433 2649 ]]
463 2579 478 2626 5
507 2565 688 2632 communia
710 2565 816 2648 huius]
849 2583 981 2631 comune
1005 2573 1040 2631 nt
1060 2566 1214 2646 horines)
1247 2568 1311 2647 [V]
1337 2566 1347 2650 Η

209 2668 308 2732 Marci
327 2669 444 2752 Plauti]
473 2670 570 2734 marci
593 2672 627 2734 V
646 2670 658 2754 ]]
681 2676 761 2736 test
776 2669 964 2752 similitudo]
992 2676 1024 2734 et
1045 2668 1220 2734 similitudo
1246 2671 1311 2752 [V]
1335 2669 1346 2752 ΗΗ

210 2773 284 2850 420,
303 2783 318 2830 3
341 2778 398 2836 aut
419 2771 453 2836 in
475 2771 633 2854 omuibus]
660 2781 830 2836 eorrectrrm
853 2795 892 2835 66
914 2773 1001 2856 etin
1024 2771 1172 2838 omuibus
1202 2775 1215 2856 ]]
1245 2785 1261 2834 6
1285 2773 1347 2837 ali-

208 2875 282 2956 qua]
309 2873 420 2956 aliqua
442 2893 514 2940 6666
538 2895 648 2959 parum
676 2877 739 2958 [V]
774 2879 786 2960 ]]
819 2889 849 2936 16
873 2876 978 2940 simile
1000 2879 1078 2958 tum]
1105 2876 1200 2941 simili
1226 2876 1344 2940 laetum

208 3045 312 3108 viuum,
333 3047 468 3116 derepere
486 3048 523 3102 nd
543 3047 682 3102 bominum
702 3047 768 3102 suun
786 3055 815 3103 et
833 3055 926 3102 tamen
947 3055 1002 3101 tnm
1021 3048 1154 3117 pusillulo
1167 3048 1286 3116 simpuio
1306 3049 1346 3101 in-

208 3132 292 3187 vitari
300 3137 313 3185 ‘l
328 3133 413 3196 (idem
426 3139 526 3200 postca
535 3133 640 3188 edidit:
658 3141 750 3188 tamen
762 3141 820 3188 tum
834 3135 886 3202 ipsi
900 3135 940 3188 illi
955 3135 1057 3188 Libero
1070 3135 1189 3204 simpuio
1203 3135 1343 3197 616116τὶ6,

209 3217 351 3272 Baehrens
364 3219 392 3273 in
404 3219 495 3272 nnnnl.
511 3217 608 3288 philol.
626 3221 690 3271 tstn
704 3238 730 3290 p.
747 3223 796 3271 151
814 3221 928 3275 mnluit:
950 3227 1042 3275 tamen
1056 3227 1114 3274 tum
1132 3221 1235 3292 pusillo
1250 3221 1344 3276 Liberi

208 3307 346 3374 simpuvio
358 3307 521 3366 invitarillu
540 3305 620 3360 Gonl.
633 3307 717 3361 etiam
730 3307 840 3377 Apulei.
856 3307 891 3362 de
904 3323 977 3377 mag.
992 3325 1018 3378 p.
1029 3309 1071 3370 27,
1088 3319 1093 3359 1
1106 3322 1166 3376 sqq.
1180 3308 1223 3362 vd.
1237 3307 1342 3374 Krueg.

210 3394 314 3460 (6166,
325 3402 387 3461 usq.
402 3392 447 3446 ed.
460 3391 579 3446 Hildchr
594 3413 614 3451 J:
635 3393 758 3446 »Eadem
777 3401 929 3463 paupertas
942 3394 1027 3448 etism
1040 3394 1144 3463 populo
1158 3393 1347 3446 6666666166-

208 3479 314 3546 perium
330 3495 347 3532 n
359 3478 512 3548 primordio
526 3475 664 3542 fundavit,
685 3495 791 3548 proque
804 3496 838 3533 eo
850 3481 880 3536 iu
892 3479 1057 3535 hodiernum
1071 3481 1128 3535 diis
1141 3480 1345 3534 immortalibus

207 3564 327 3632 simpulo
340 3571 369 3616 et
381 3565 476 3617 catino
489 3562 567 3618 lictili
581 3562 746 3618 sacrificata·
766 3564 896 3619 Ceterum
910 3582 945 3620 ne
957 3566 1099 3635 stupratum
1112 3580 1200 3620 meum
1212 3581 1227 3618 6
1237 3566 1345 3620 codicis

208 3649 340 3704 ductibus
359 3649 480 3703 citellum
499 3649 573 3704 iusto
591 3650 728 3705 arrdacius
746 3651 909 3706 enucleassc
928 3653 1039 3717 videor,
1064 3651 1138 3706 conl.
1159 3655 1217 3716 566,
1240 3663 1262 3714 r,
1289 3667 1344 3721 qum

207 3736 268 3790 loco
282 3737 407 3791 editores
419 3751 471 3806 pro
484 3736 589 3790 tradito
599 3735 731 3807 einpnlcm
740 3737 897 3792 certissimo
908 3740 1082 3794 correctione
1091 3740 1265 3808 scripserunt
1277 3756 1345 3790 6666-

207 3821 306 3876 bellam
330 3825 341 3890 Η
365 3823 408 3888 ²⁹⁴]
427 3822 567 3892 porticula
579 3827 605 3875 et
622 3824 708 3878 etiam
720 3823 773 3877 hoc
790 3824 852 3878 lcoo
865 3825 1053 3890 (1616666661,
1074 3827 1148 3880 sicut
1159 3829 1243 3880 autea
1256 3825 1344 3880 Varro

207 3910 322 3978 scripsit
334 3911 414 3981 lupun
427 3909 519 3979 lopus:
538 3908 600 3978 lupo
612 3909 698 3979 lepori
708 3915 738 3963 et
752 3909 984 3970 616666616666
1000 3912 1109 3965 Priamo
1124 3911 1191 3966 Puri
1201 3915 1212 3977 ΗΗ
1224 3911 1267 3972 ²⁰⁵]
1283 3927 1345 3980 pro-

208 3995 258 4050 bat
276 3997 398 4066 Spengel
424 3996 467 4049 De
490 3997 599 4050 emend.
620 4003 672 4050 rat.
693 4011 719 4064 p.
740 3999 768 4046 16
792 3998 803 4061 Η
826 3995 869 4058 691,
896 3997 970 4050 idem
995 3999 1079 4052 docet
1101 3999 1235 4052 nonnullo
1257 3999 1345 4053 verba

208 4083 387 4138 intercidisse
405 4089 435 4136 et
453 4083 581 4135 lacunam
599 4101 626 4139 v.
648 4099 672 4135 6.
693 4084 735 4136 616
753 4083 937 4150 supplendum
956 4098 1032 4138 esse:
1060 4084 1199 4154 analoqim
1215 4085 1283 4151 (6666
1300 4103 1346 4136 66-

206 4170 324 4240 potulum
343 4169 414 4239 qnod
430 4187 483 4222 non
496 4168 571 4220 artorio
582 4169 616 4222 ab
633 4169 778 4237 tinnililms)
796 4168 941 4220 absimilia
950 4171 1098 4241 flnquntur
1121 4173 1132 4234 Η
1156 4170 1199 4208 '2⁰⁷¹
1220 4171 1345 4226 scriben-

207 4257 272 4310 dum
292 4257 419 4312 videtur:
446 4253 587 4307 1116666616
607 4239 720 4308 Phakos
739 4260 763 4308 61
782 4253 920 4310 16661166,
948 4253 1079 4320 <Marcus
1097 4255 1129 4307 et
1147 4254 1302 4324 Marcius.)
1320 4262 1344 4309 et

206 4354 359 4396 commuue
377 4341 538 4406 utriusqus
561 4341 655 4397 Plauti
672 4339 808 4394 61116661

1119 4429 1135 4476 l
