3248 4928
309 361 349 422 m
744 395 787 405 -
833 358 918 440 [aas]
966 393 1008 403 -

309 549 420 615 verino
438 549 556 614 absunt
577 543 769 634 ὡπλισμένη
794 543 857 634 γὰρ
882 541 899 634 ἢ
923 543 1086 633 φρόνησις
1110 583 1149 592 -
1173 542 1366 632 ascriptitia,
1396 543 1457 610 sed

309 652 442 718 aliunde
465 672 504 718 ea
528 652 596 718 sine
619 651 717 718 dubio
744 657 794 731 [ex
816 651 986 717 Eustathio
1008 650 1152 734 fortasse)
1178 650 1298 716 intulit.

338 775 340 780 ’
397 757 425 841 7)
453 757 489 820 P.
514 759 576 820 406
606 754 744 840 denique
774 755 831 820 καὶ
860 761 966 820 ταῦτα
995 754 1058 838 μὲν
1083 751 1124 818 τὰ
1145 753 1297 838 μυθικὰ·
1330 774 1399 819 non
1423 752 1457 816 in

309 861 397 927 fonte
420 859 500 944 legit
521 859 682 943 Eudooia,
716 859 775 925 sed
801 859 925 926 utalia
952 879 1016 925 non
1045 878 1149 944 pauca
1177 857 1299 926 similia
1325 857 1371 924 dc
1396 877 1457 926 suo

309 964 447 1032 addidit.

394 1173 509 1255 Neque
526 1170 630 1254 magis
645 1176 752 1236 nostro
767 1169 808 1236 de
824 1170 874 1236 his
889 1171 1008 1237 iudicio
1023 1172 1161 1252 obstant,
1179 1190 1262 1254 qnae
1277 1192 1310 1255 p.
1324 1173 1390 1234 135
1404 1189 1455 1252 sq.

308 1276 408 1342 Flach
432 1273 574 1341 exhibet.
621 1273 822 1352 Quibusdam
846 1274 930 1340 cnim
953 1275 1032 1341 loeis
1054 1275 1184 1342 nimiam
1208 1275 1292 1340 inter
1310 1277 1458 1341 Tzctua-

309 1402 378 1446 rum
402 1378 646 1446 commentarios
674 1384 707 1444 et
693 1377 904 1444 tEudociam
933 1379 1130 1446 intercedere
1156 1378 1379 1446 differentiam
1405 1378 1478 1443 di-‘

309 1485 353 1550 oit
381 1504 477 1569 quam
507 1489 542 1547 nt
570 1482 619 1548 illi
642 1481 738 1547 huius
760 1482 885 1568 possint
907 1502 978 1550 esse
1004 1489 1160 1550 auctores.
1208 1484 1251 1549 At
1273 1483 1359 1548 nihil
1384 1503 1458 1548 om-

309 1587 363 1652 nia
385 1586 445 1652 illa
467 1587 618 1671 exempla
640 1585 786 1671 probant.

395 1688 430 1754 P.
452 1692 512 1753 106
536 1689 616 1776 περὶ
631 1687 775 1776 Δάφνης
790 1709 853 1754 non
869 1695 935 1756 tota
949 1690 1068 1774 glossa,
1087 1689 1121 1756 id
1136 1689 1222 1772 quod
1238 1690 1341 1756 Flach
1359 1689 1457 1757 vide-

308 1803 359 1861 tur
374 1794 569 1878 existimare,
596 1797 704 1862 'laeta
723 1795 840 1880 Lyco
861 1793 980 1862 fontem
995 1796 1101 1879 habet,
1127 1794 1224 1860 immo
1246 1795 1329 1861 nihil
1354 1796 1390 1862 io
1415 1817 1456 1861 ea

308 1921 372 1966 non
395 1921 414 1966 e
436 1899 535 1965 Phar.
562 1921 594 1985 p.
616 1903 675 1963 454
701 1897 868 1985 profluxit,
901 1899 956 1965 ubi
986 1920 1057 1965 curn
1086 1899 1167 1964 alios
1198 1906 1265 1965 tum
1295 1899 1359 1966 hos
1389 1907 1456 1967 tres

308 2004 365 2070 ille
388 2004 493 2070 fontes
516 2003 714 2069 transcribit:
753 2005 778 2086 1)
807 2001 913 2069 Sobel.
939 2003 1032 2068 Hom.
1058 2003 1098 2068 Il.
1122 2004 1205 2068 114.
1237 2003 1249 2088 ΙΙ
1278 2006 1309 2086 2)
1336 2003 1452 2070 Schol.

307 2107 405 2173 Arist.
425 2108 500 2172 Pac.
521 2111 613 2172 1041.
647 2108 660 2190 ΙΙ
691 2107 721 2191 3)
748 2107 856 2172 Treta.
875 2106 954 2191 Lye.
974 2111 1004 2171 6.
1038 2089 1070 2171 Έ
1093 2105 1196 2190 prima
1210 2106 1325 2191 glossa
1339 2107 1456 2173 Eudo-

308 2212 359 2278 oia
380 2211 505 2277 initium
522 2211 646 2296 aceepit
667 2229 768 2294 usquc
791 2210 833 2276 ad
857 2208 1041 2294 turipum
1067 2217 1133 2276 tum
1156 2205 1209 2274 διὸ
1233 2248 1277 2258 -
1301 2207 1455 2298 ἐστεφα-

307 2323 428 2383 νοῦντο
451 2336 491 2382 cr
514 2315 628 2396 altera,
655 2314 750 2381 tertia
773 2313 861 2380 dedit
882 2313 989 2380 finem.

393 2423 431 2487 P.
451 2422 512 2486 238
537 2421 617 2507 περὶ
639 2413 825 2508 τῆςἸνοῠς.
866 2419 1038 2486 Phavorini
1060 2420 1201 2504 glossam
1218 2416 1312 2508 Βύνη
1337 2441 1371 2504 p.
1391 2424 1454 2486 394

308 2527 433 2594 duobus
457 2547 475 2592 e
498 2525 638 2592 lontibus
661 2525 809 2591 haustam
830 2525 890 2607 (lot.
908 2525 951 2589 Μ.
971 2527 1044 2606 217,
1065 2527 1083 2588 3
1101 2529 1133 2589 et
1146 2525 1258 2589 Tactz.
1277 2524 1360 2610 Lye.
1377 2527 1450 2611 1117)

306 2632 353 2698 ita
375 2630 528 2697 describit
548 2628 710 2712 Eudccia,
742 2635 777 2694 ut
805 2649 889 2712 quae
917 2628 973 2694 illc
1003 2628 1093 2694 initio
1122 2626 1228 2713 posuit
1257 2629 1378 2714 OEtym.
1407 2631 1451 2694 hl.

307 2736 412 2800 locum
435 2739 468 2800 et
481 2735 619 2800 Taetzae
642 2732 755 2799 scholii
778 2731 914 2815 initium)
941 2732 1014 2818 ipsa
1028 2737 1171 2797 extreme
1192 2730 1306 2797 faeiat.
1350 2733 1455 2800 Prae·

307 2846 397 2904 terea
425 2838 524 2904 verba
555 2843 615 2903 τοῦ
643 2834 811 2923 πρότερον
840 2837 1052 2921 Μελικέρτου
1082 2837 1265 2920 λεγομένου
1295 2837 1455 2903 falsarius

310 2941 343 3006 in
366 2939 511 3025 margine
534 2940 653 3007 codicis
676 2940 812 3006 Parisini
835 2939 968 3006 aliunde
990 2939 1081 3006 addit
1101 2939 1251 3023 idemque
1284 2961 1344 3025 pro
1368 2944 1455 3008 Tae-

309 3049 380 3109 tzae
401 3044 510 3110 verbis
532 3066 553 3110 a
575 3044 754 3110 Phavorino
777 3043 912 3110 servatis
943 3041 1020 3129 ἐγὼ
1048 3043 1091 3108 δὲ
1121 3041 1215 3128 παρὰ
1244 3041 1284 3108 τὸ
1308 3043 1385 3126 sirim
1411 3046 1455 3111 ad

308 3148 475 3214 celandam
491 3149 648 3234 originem
671 3143 691 3236 ἢ
714 3145 809 3233 παρὰ
825 3145 862 3212 τὸ
879 3143 950 3230 driu
974 3146 1092 3214 scribit.
1139 3147 1176 3211 ln
1199 3146 1337 3230 reliquis
1360 3169 1454 3214 snm-

309 3272 363 3317 ma
384 3251 540 3336 religione
563 3252 734 3318 Phavorini
757 3251 836 3317 vitia
861 3257 982 3318 tuetur:
1015 3257 1167 3316 πεσοῦσα
1190 3248 1239 3326 εἰς
1262 3248 1456 3320 θάλασσαν

307 3355 430 3438 Treta,
447 3352 620 3442 φεύγουσα
632 3355 732 3420 Phav.
747 3355 829 3421 Eud.
849 3355 861 3440 ΙΙ
878 3349 1049 3441 ἀπεπνίγη
1062 3357 1183 3428 Tacta,
1199 3351 1249 3430 εἰς
1261 3353 1455 3423 θάλασσαν

311 3449 447 3544 dodican
460 3458 561 3524 Phar.
577 3457 658 3523 Eud.
689 3459 701 3544 ΙΙ
728 3455 941 3544 Ἀμφίμαχος
952 3459 1074 3540 Treta,
1093 3453 1451 3542 ΆμφίμορχοςΡὴαν.

308 3559 390 3625 Eud.
430 3561 443 3646 ΙΙ
480 3558 566 3625 κατὰ
601 3559 774 3649 σννκοπὴν
806 3559 896 3648 fidon
928 3561 978 3626 Et.
1012 3561 1069 3643 M„
1106 3555 1190 3624 κατὰ
1224 3581 1323 3645 onya.
1361 3561 1452 3650 drivp

308 3663 407 3729 Phar.
433 3664 516 3730 Eud.

393 3769 429 3832 P.
450 3771 511 3832 406
535 3768 674 3852 denique
696 3768 776 3834 nihil
798 3768 941 3834 Eudooia
963 3769 1071 3852 habet,
1104 3766 1187 3852 quod
1209 3787 1275 3833 non
1300 3789 1319 3834 e
1340 3770 1450 3852 l’hav.

307 3872 489 3957 sumpserit.
536 3873 663 3938 Initium
691 3911 727 3920 —
754 3873 854 3948 σέλας
883 3872 949 3938 iere
978 3871 1081 3938 isdem
1111 3870 1216 3937 verbis
1245 3871 1336 3938 redit
1362 3874 1453 3958 apud

307 3973 520 4040 Phavorinum
548 3979 646 4051 1786;
680 3977 770 4041 ouius
793 3982 857 4040 tres
880 3976 984 4042 fontes
1007 3983 1096 4041 sunt:
1134 3973 1223 4038 Euat.
1250 3973 1351 4040 Hom.
1372 3981 1449 4061 345,

306 4077 413 4162 Etym.
439 4077 483 4142 M.
509 4080 581 4158 772,
607 4081 659 4160 49,
694 4079 800 4144 Tacta.
835 4079 913 4163 Lye.
941 4081 1011 4142 177.
1058 4079 1137 4144 Tum
1168 4074 1315 4143 Eudocia
1346 4098 1451 4162 nsque

306 4181 347 4245 ad
372 4178 543 4264 ἐπέθηκεν
565 4199 605 4244 cx
629 4180 774 4247 eiusdem
797 4181 969 4246 Phavorini
991 4201 1065 4265 pag.
1089 4184 1167 4244 1785
1190 4177 1291 4244 habet
1318 4181 1451 4248 initium

306 4281 511 4354 dustathiani
539 4283 618 4368 looi,
653 4284 830 4372 eademque
857 4293 907 4356 cst
935 4284 1023 4373 origo
1045 4283 1302 4354 Eudocianarum
1332 4306 1451 4356 vocum
