<?xml version="1.0" encoding="UTF-8"?>
<!DOCTYPE html PUBLIC "-//W3C//DTD XHTML 1.0 Transitional//EN"
    "http://www.w3.org/TR/xhtml1/DTD/xhtml1-transitional.dtd">
<html xmlns="http://www.w3.org/1999/xhtml" xml:lang="en" lang="en">
 <head>
  <title>
</title>
<meta http-equiv="Content-Type" content="text/html;charset=utf-8" />
  <meta name='ocr-system' content='tesseract 3.04.00' />
  <meta name='ocr-capabilities' content='ocr_page ocr_carea ocr_par ocr_line ocrx_word'/>
</head>
<body>
  <div class='ocr_page' id='page_1' title='image "./dissertationesp02stragoog_0202.png"; bbox 0 0 3238 4930; ppageno 0'>
   <div class='ocr_carea' id='block_1_1' title="bbox 773 413 1380 530">
    <p class='ocr_par' dir='ltr' id='par_1_1' title="bbox 773 413 1380 530">
     <span class='ocr_line' id='line_1_1' title="bbox 773 413 1380 530; baseline -0.005 -22"><span class='ocrx_word' id='word_1_1' title='bbox 773 445 861 530; x_wconf 86' lang='lat' dir='ltr'>[rso]</span> <span class='ocrx_word' id='word_1_2' title='bbox 997 413 1005 424; x_wconf 84' lang='grc'>’</span> <span class='ocrx_word' id='word_1_3' title='bbox 1296 466 1301 478; x_wconf 87' lang='grc'><em>·</em></span> <span class='ocrx_word' id='word_1_4' title='bbox 1343 453 1380 515; x_wconf 84' lang='lat'>51</span> 
     </span>
    </p>
   </div>
   <div class='ocr_carea' id='block_1_2' title="bbox 242 635 1384 3106">
    <p class='ocr_par' dir='ltr' id='par_1_2' title="bbox 242 635 1384 3106">
     <span class='ocr_line' id='line_1_2' title="bbox 246 635 1384 722; baseline 0.001 -21"><span class='ocrx_word' id='word_1_5' title='bbox 246 644 311 701; x_wconf 88' lang='lat' dir='ltr'>tam</span> <span class='ocrx_word' id='word_1_6' title='bbox 326 635 445 720; x_wconf 80' lang='lat' dir='ltr'>gaudio</span> <span class='ocrx_word' id='word_1_7' title='bbox 461 637 572 700; x_wconf 90' lang='lat' dir='ltr'>mortis</span> <span class='ocrx_word' id='word_1_8' title='bbox 588 635 669 722; x_wconf 86' lang='lat' dir='ltr'>Lyci</span> <span class='ocrx_word' id='word_1_9' title='bbox 689 657 784 720; x_wconf 88' lang='lat' dir='ltr'>quarn</span> <span class='ocrx_word' id='word_1_10' title='bbox 812 636 933 701; x_wconf 89' lang='lat' dir='ltr'>reditus</span> <span class='ocrx_word' id='word_1_11' title='bbox 951 636 1098 702; x_wconf 88' lang='lat' dir='ltr'>Herculis</span> <span class='ocrx_word' id='word_1_12' title='bbox 1114 643 1236 702; x_wconf 88' lang='lat' dir='ltr'>motum</span> <span class='ocrx_word' id='word_1_13' title='bbox 1252 638 1384 702; x_wconf 88' lang='lat' dir='ltr'>chorum</span> 
     </span>
     <span class='ocr_line' id='line_1_3' title="bbox 245 739 1384 825; baseline 0.004 -23"><span class='ocrx_word' id='word_1_14' title='bbox 245 741 390 805; x_wconf 79' lang='lat' dir='ltr'><strong>lacrimas</strong></span> <span class='ocrx_word' id='word_1_15' title='bbox 413 739 567 804; x_wconf 87' lang='lat' dir='ltr'>fundere:</span> <span class='ocrx_word' id='word_1_16' title='bbox 603 747 639 804; x_wconf 91' lang='lat' dir='ltr'>ut</span> <span class='ocrx_word' id='word_1_17' title='bbox 663 740 822 806; x_wconf 86' lang='lat' dir='ltr'>sententia</span> <span class='ocrx_word' id='word_1_18' title='bbox 857 740 931 818; x_wconf 77' lang='lat' dir='ltr'>illa,</span> <span class='ocrx_word' id='word_1_19' title='bbox 962 761 1056 824; x_wconf 87' lang='lat' dir='ltr'>quarn</span> <span class='ocrx_word' id='word_1_20' title='bbox 1091 740 1208 825; x_wconf 87' lang='lat' dir='ltr'>Pflugk</span> <span class='ocrx_word' id='word_1_21' title='bbox 1237 743 1384 824; x_wconf 79' lang='lat' dir='ltr'><strong>restituit,</strong></span> 
     </span>
     <span class='ocr_line' id='line_1_4' title="bbox 245 841 1383 929; baseline 0.002 -21"><span class='ocrx_word' id='word_1_22' title='bbox 245 845 320 908; x_wconf 90' lang='lat' dir='ltr'>insit</span> <span class='ocrx_word' id='word_1_23' title='bbox 351 845 383 908; x_wconf 91' lang='lat' dir='ltr'>in</span> <span class='ocrx_word' id='word_1_24' title='bbox 411 844 566 908; x_wconf 80' lang='lat' dir='ltr'>versibus.</span> <span class='ocrx_word' id='word_1_25' title='bbox 619 843 681 908; x_wconf 86' lang='lat' dir='ltr'>Sed</span> <span class='ocrx_word' id='word_1_26' title='bbox 712 842 727 908; x_wconf 83' lang='lat' dir='ltr'>b</span> <span class='ocrx_word' id='word_1_27' title='bbox 757 845 811 925; x_wconf 82' lang='grc' dir='ltr'>γᾶς</span> <span class='ocrx_word' id='word_1_28' title='bbox 833 841 908 918; x_wconf 79' lang='grc' dir='ltr'>ἅναξ</span> <span class='ocrx_word' id='word_1_29' title='bbox 937 845 1121 929; x_wconf 85' lang='lat' dir='ltr'>simpliciter</span> <span class='ocrx_word' id='word_1_30' title='bbox 1148 845 1287 929; x_wconf 85' lang='lat' dir='ltr'>positurn</span> <span class='ocrx_word' id='word_1_31' title='bbox 1320 867 1383 910; x_wconf 91' lang='lat' dir='ltr'>non</span> 
     </span>
     <span class='ocr_line' id='line_1_5' title="bbox 245 944 1384 1034; baseline 0.004 -24"><span class='ocrx_word' id='word_1_32' title='bbox 245 945 286 1011; x_wconf 89' lang='lat' dir='ltr'>de</span> <span class='ocrx_word' id='word_1_33' title='bbox 303 946 453 1021; x_wconf 77' lang='lat' dir='ltr'>Hercule,</span> <span class='ocrx_word' id='word_1_34' title='bbox 476 944 533 1012; x_wconf 93' lang='lat' dir='ltr'>sed</span> <span class='ocrx_word' id='word_1_35' title='bbox 557 946 596 1010; x_wconf 88' lang='lat' dir='ltr'>de</span> <span class='ocrx_word' id='word_1_36' title='bbox 618 947 706 1034; x_wconf 84' lang='lat' dir='ltr'>Lyco</span> <span class='ocrx_word' id='word_1_37' title='bbox 723 948 818 1012; x_wconf 85' lang='lat' dir='ltr'>rnodo</span> <span class='ocrx_word' id='word_1_38' title='bbox 835 947 971 1012; x_wconf 76' lang='lat' dir='ltr'>vidimus</span> <span class='ocrx_word' id='word_1_39' title='bbox 987 969 1082 1032; x_wconf 87' lang='lat' dir='ltr'>posse</span> <span class='ocrx_word' id='word_1_40' title='bbox 1097 947 1167 1012; x_wconf 89' lang='lat' dir='ltr'>dici.</span> <span class='ocrx_word' id='word_1_41' title='bbox 1200 949 1259 1028; x_wconf 83' lang='lat' dir='ltr'>En,</span> <span class='ocrx_word' id='word_1_42' title='bbox 1276 949 1384 1026; x_wconf 78' lang='lat' dir='ltr'>habes,</span> 
     </span>
     <span class='ocr_line' id='line_1_6' title="bbox 245 1049 1384 1136; baseline 0 -20"><span class='ocrx_word' id='word_1_43' title='bbox 245 1071 308 1135; x_wconf 92' lang='lat' dir='ltr'>quo</span> <span class='ocrx_word' id='word_1_44' title='bbox 324 1051 443 1114; x_wconf 84' lang='lat' dir='ltr'>referas</span> <span class='ocrx_word' id='word_1_45' title='bbox 459 1049 589 1114; x_wconf 85' lang='lat' dir='ltr'>verbum</span> <span class='ocrx_word' id='word_1_46' title='bbox 607 1049 711 1132; x_wconf 85' lang='grc' dir='ltr'>πάρος,</span> <span class='ocrx_word' id='word_1_47' title='bbox 727 1051 813 1136; x_wconf 94' lang='lat' dir='ltr'>quod</span> <span class='ocrx_word' id='word_1_48' title='bbox 830 1071 900 1116; x_wconf 89' lang='lat' dir='ltr'>cum</span> <span class='ocrx_word' id='word_1_49' title='bbox 917 1051 1016 1115; x_wconf 83' lang='lat' dir='ltr'>verbo</span> <span class='ocrx_word' id='word_1_50' title='bbox 1038 1049 1161 1133; x_wconf 74' lang='grc' dir='ltr'>ἤλπισεν</span> <span class='ocrx_word' id='word_1_51' title='bbox 1181 1053 1384 1117; x_wconf 85' lang='lat' dir='ltr'>coniunctum</span> 
     </span>
     <span class='ocr_line' id='line_1_7' title="bbox 246 1152 1384 1240; baseline 0.001 -21"><span class='ocrx_word' id='word_1_52' title='bbox 246 1155 386 1220; x_wconf 84' lang='lat' dir='ltr'>offendit.</span> <span class='ocrx_word' id='word_1_53' title='bbox 432 1155 589 1219; x_wconf 88' lang='lat' dir='ltr'>Hercules</span> <span class='ocrx_word' id='word_1_54' title='bbox 613 1155 702 1220; x_wconf 91' lang='lat' dir='ltr'>utin</span> <span class='ocrx_word' id='word_1_55' title='bbox 726 1155 859 1240; x_wconf 89' lang='lat' dir='ltr'>stropha</span> <span class='ocrx_word' id='word_1_56' title='bbox 882 1154 898 1218; x_wconf 86' lang='grc' dir='ltr'>ὀ</span> <span class='ocrx_word' id='word_1_57' title='bbox 920 1153 1036 1238; x_wconf 79' lang='grc' dir='ltr'>πρόσθ’</span> <span class='ocrx_word' id='word_1_58' title='bbox 1060 1152 1146 1232; x_wconf 79' lang='grc' dir='ltr'>ἄναξ,</span> <span class='ocrx_word' id='word_1_59' title='bbox 1176 1157 1219 1218; x_wconf 88' lang='lat' dir='ltr'>ita</span> <span class='ocrx_word' id='word_1_60' title='bbox 1243 1157 1273 1219; x_wconf 94' lang='lat' dir='ltr'>in</span> <span class='ocrx_word' id='word_1_61' title='bbox 1304 1158 1384 1220; x_wconf 90' lang='lat' dir='ltr'>unti-</span> 
     </span>
     <span class='ocr_line' id='line_1_8' title="bbox 245 1256 923 1344; baseline -0.001 -22"><span class='ocrx_word' id='word_1_62' title='bbox 245 1259 378 1344; x_wconf 86' lang='lat' dir='ltr'>stropha</span> <span class='ocrx_word' id='word_1_63' title='bbox 402 1256 417 1322; x_wconf 84' lang='grc' dir='ltr'><strong>ὁ</strong></span> <span class='ocrx_word' id='word_1_64' title='bbox 442 1257 535 1340; x_wconf 85' lang='grc' dir='ltr'>πάρος</span> <span class='ocrx_word' id='word_1_65' title='bbox 558 1265 613 1340; x_wconf 79' lang='grc' dir='ltr'>γᾶς</span> <span class='ocrx_word' id='word_1_66' title='bbox 636 1256 711 1334; x_wconf 81' lang='grc' dir='ltr'>ἄναξ</span> <span class='ocrx_word' id='word_1_67' title='bbox 734 1259 923 1322; x_wconf 90' lang='lat' dir='ltr'>nominatur.</span> 
     </span>
     <span class='ocr_line' id='line_1_9' title="bbox 348 1359 1203 1426; baseline -0.002 -2"><span class='ocrx_word' id='word_1_68' title='bbox 348 1362 455 1426; x_wconf 90' lang='lat' dir='ltr'>Locus</span> <span class='ocrx_word' id='word_1_69' title='bbox 478 1363 541 1426; x_wconf 84' lang='lat' dir='ltr'>iam</span> <span class='ocrx_word' id='word_1_70' title='bbox 562 1363 606 1425; x_wconf 87' lang='lat' dir='ltr'>ita</span> <span class='ocrx_word' id='word_1_71' title='bbox 629 1362 706 1426; x_wconf 90' lang='lat' dir='ltr'>mihi</span> <span class='ocrx_word' id='word_1_72' title='bbox 729 1359 856 1425; x_wconf 89' lang='lat' dir='ltr'>videtur</span> <span class='ocrx_word' id='word_1_73' title='bbox 881 1383 950 1426; x_wconf 90' lang='lat' dir='ltr'>esse</span> <span class='ocrx_word' id='word_1_74' title='bbox 975 1361 1203 1426; x_wconf 88' lang='lat' dir='ltr'>restituendus:</span> 
     </span>
     <span class='ocr_line' id='line_1_10' title="bbox 420 1461 1178 1550; baseline -0.004 -21"><span class='ocrx_word' id='word_1_75' title='bbox 420 1463 510 1545; x_wconf 78' lang='grc' dir='ltr'><em>ἔμολε</em></span> <span class='ocrx_word' id='word_1_76' title='bbox 533 1463 621 1530; x_wconf 79' lang='grc' dir='ltr'>πάλιν</span> <span class='ocrx_word' id='word_1_77' title='bbox 644 1463 760 1544; x_wconf 77' lang='grc' dir='ltr'>ἔμολεν,</span> <span class='ocrx_word' id='word_1_78' title='bbox 781 1467 785 1540; x_wconf 87' lang='grc' dir='ltr'>Ι</span> <span class='ocrx_word' id='word_1_79' title='bbox 806 1461 918 1528; x_wconf 66' lang='grc' dir='ltr'>οὔποθ’</span> <span class='ocrx_word' id='word_1_80' title='bbox 941 1463 960 1528; x_wconf 77' lang='grc' dir='ltr'><strong><em>ἃ</em></strong></span> <span class='ocrx_word' id='word_1_81' title='bbox 983 1462 1033 1528; x_wconf 77' lang='lat' dir='ltr'>ded</span> <span class='ocrx_word' id='word_1_82' title='bbox 1057 1469 1178 1550; x_wconf 70' lang='grc' dir='ltr'>φρενοῦν</span> 
     </span>
     <span class='ocr_line' id='line_1_11' title="bbox 422 1564 961 1652; baseline 0 -21"><span class='ocrx_word' id='word_1_83' title='bbox 422 1566 524 1652; x_wconf 75' lang='grc' dir='ltr'>η”λπισ’</span> <span class='ocrx_word' id='word_1_84' title='bbox 547 1567 595 1644; x_wconf 74' lang='grc' dir='ltr'>ἄν,</span> <span class='ocrx_word' id='word_1_85' title='bbox 619 1565 635 1630; x_wconf 86' lang='grc' dir='ltr'>ό</span> <span class='ocrx_word' id='word_1_86' title='bbox 656 1572 660 1643; x_wconf 90' lang='grc' dir='ltr'>Ι</span> <span class='ocrx_word' id='word_1_87' title='bbox 681 1565 776 1648; x_wconf 82' lang='grc' dir='ltr'>πάρος</span> <span class='ocrx_word' id='word_1_88' title='bbox 800 1573 854 1648; x_wconf 71' lang='grc' dir='ltr'>γᾶς</span> <span class='ocrx_word' id='word_1_89' title='bbox 877 1564 961 1642; x_wconf 74' lang='grc' dir='ltr'>ἄναξ.</span> 
     </span>
     <span class='ocr_line' id='line_1_12' title="bbox 347 1670 1383 1756; baseline -0.003 -20"><span class='ocrx_word' id='word_1_90' title='bbox 347 1671 773 1755; x_wconf 75' lang='lat' dir='ltr'>3)Eur.1{ere.1023Dind.</span> <span class='ocrx_word' id='word_1_91' title='bbox 786 1693 843 1756; x_wconf 89' lang='lat' dir='ltr'>pro</span> <span class='ocrx_word' id='word_1_92' title='bbox 858 1670 895 1734; x_wconf 81' lang='grc' dir='ltr'>οὐ</span> <span class='ocrx_word' id='word_1_93' title='bbox 908 1671 941 1734; x_wconf 74' lang='lat' dir='ltr'>di</span> <span class='ocrx_word' id='word_1_94' title='bbox 960 1670 1046 1735; x_wconf 68' lang='lat' dir='ltr'>reboo</span> <span class='ocrx_word' id='word_1_95' title='bbox 1062 1675 1182 1752; x_wconf 75' lang='grc' dir='ltr'>τρίγονα</span> <span class='ocrx_word' id='word_1_96' title='bbox 1200 1671 1383 1754; x_wconf 49' lang='lat' dir='ltr'>abducerer,</span> 
     </span>
     <span class='ocr_line' id='line_1_13' title="bbox 243 1769 616 1862; baseline 0 -24"><span class='ocrx_word' id='word_1_97' title='bbox 243 1769 268 1838; x_wconf 76' lang='lat' dir='ltr'>cd</span> <span class='ocrx_word' id='word_1_98' title='bbox 291 1774 399 1860; x_wconf 77' lang='grc' dir='ltr'>πάλον)</span> <span class='ocrx_word' id='word_1_99' title='bbox 423 1778 616 1862; x_wconf 75' lang='lat' dir='ltr'>scripserim:</span> 
     </span>
     <span class='ocr_line' id='line_1_14' title="bbox 442 1871 1197 1961; baseline -0.003 -19"><span class='ocrx_word' id='word_1_100' title='bbox 442 1877 479 1942; x_wconf 81' lang='lat' dir='ltr'>ori</span> <span class='ocrx_word' id='word_1_101' title='bbox 503 1881 534 1943; x_wconf 70' lang='lat' dir='ltr'>di</span> <span class='ocrx_word' id='word_1_102' title='bbox 558 1881 686 1961; x_wconf 58' lang='grc' dir='ltr'>τρίγονοι</span> <span class='ocrx_word' id='word_1_103' title='bbox 710 1877 798 1943; x_wconf 74' lang='grc' dir='ltr'>τὲκνοι</span> <span class='ocrx_word' id='word_1_104' title='bbox 821 1877 1004 1961; x_wconf 51' lang='lat' dir='ltr'>odalricum,</span> <span class='ocrx_word' id='word_1_105' title='bbox 1028 1871 1053 1941; x_wconf 76' lang='lat' dir='ltr'>cd</span> <span class='ocrx_word' id='word_1_106' title='bbox 1076 1876 1197 1954; x_wconf 74' lang='grc' dir='ltr'>τάλαν),</span> 
     </span>
     <span class='ocr_line' id='line_1_15' title="bbox 244 1983 1379 2068; baseline 0.004 -23"><span class='ocrx_word' id='word_1_107' title='bbox 244 2003 306 2066; x_wconf 90' lang='lat' dir='ltr'>quo</span> <span class='ocrx_word' id='word_1_108' title='bbox 336 1983 545 2046; x_wconf 81' lang='lat' dir='ltr'>collocatione</span> <span class='ocrx_word' id='word_1_109' title='bbox 575 1989 649 2067; x_wconf 83' lang='lat' dir='ltr'>apte</span> <span class='ocrx_word' id='word_1_110' title='bbox 679 1984 812 2047; x_wconf 82' lang='lat' dir='ltr'>verbum</span> <span class='ocrx_word' id='word_1_111' title='bbox 842 1983 1055 2068; x_wconf 88' lang='lat' dir='ltr'>compositum</span> <span class='ocrx_word' id='word_1_112' title='bbox 1087 1983 1206 2062; x_wconf 63' lang='grc' dir='ltr'>τρίγωνα</span> <span class='ocrx_word' id='word_1_113' title='bbox 1238 1989 1379 2064; x_wconf 72' lang='lat' dir='ltr'>urgetur.</span> 
     </span>
     <span class='ocr_line' id='line_1_16' title="bbox 243 2085 1382 2172; baseline -0.003 -22"><span class='ocrx_word' id='word_1_114' title='bbox 243 2107 314 2150; x_wconf 84' lang='lat' dir='ltr'>cunr</span> <span class='ocrx_word' id='word_1_115' title='bbox 338 2086 521 2150; x_wconf 83' lang='lat' dir='ltr'>conferatur</span> <span class='ocrx_word' id='word_1_116' title='bbox 551 2086 612 2150; x_wconf 95' lang='lat' dir='ltr'>hoc</span> <span class='ocrx_word' id='word_1_117' title='bbox 638 2087 710 2150; x_wconf 92' lang='lat' dir='ltr'>loco</span> <span class='ocrx_word' id='word_1_118' title='bbox 735 2085 901 2166; x_wconf 83' lang='lat' dir='ltr'>Hercules,</span> <span class='ocrx_word' id='word_1_119' title='bbox 927 2087 979 2172; x_wconf 95' lang='lat' dir='ltr'>qui</span> <span class='ocrx_word' id='word_1_120' title='bbox 1004 2093 1068 2151; x_wconf 87' lang='lat' dir='ltr'>tres</span> <span class='ocrx_word' id='word_1_121' title='bbox 1091 2086 1208 2149; x_wconf 88' lang='lat' dir='ltr'>liberos</span> <span class='ocrx_word' id='word_1_122' title='bbox 1231 2106 1307 2148; x_wconf 91' lang='lat' dir='ltr'>suos</span> <span class='ocrx_word' id='word_1_123' title='bbox 1331 2105 1382 2147; x_wconf 93' lang='lat' dir='ltr'>oc·</span> 
     </span>
     <span class='ocr_line' id='line_1_17' title="bbox 243 2189 1045 2268; baseline 0.001 -15"><span class='ocrx_word' id='word_1_124' title='bbox 243 2189 362 2268; x_wconf 80' lang='lat' dir='ltr'>uiderit,</span> <span class='ocrx_word' id='word_1_125' title='bbox 386 2211 457 2254; x_wconf 88' lang='lat' dir='ltr'>cunr</span> <span class='ocrx_word' id='word_1_126' title='bbox 481 2189 607 2252; x_wconf 82' lang='lat' dir='ltr'>Procne</span> <span class='ocrx_word' id='word_1_127' title='bbox 630 2190 723 2253; x_wconf 93' lang='lat' dir='ltr'>unius</span> <span class='ocrx_word' id='word_1_128' title='bbox 747 2189 802 2252; x_wconf 90' lang='lat' dir='ltr'>filii</span> <span class='ocrx_word' id='word_1_129' title='bbox 824 2189 1045 2254; x_wconf 81' lang='lat' dir='ltr'>interfectrice.</span> 
     </span>
     <span class='ocr_line' id='line_1_18' title="bbox 345 2289 1382 2375; baseline -0.004 -19"><span class='ocrx_word' id='word_1_130' title='bbox 345 2294 378 2374; x_wconf 85' lang='lat'>4)</span> <span class='ocrx_word' id='word_1_131' title='bbox 402 2291 478 2356; x_wconf 80' lang='lat' dir='ltr'>Eur.</span> <span class='ocrx_word' id='word_1_132' title='bbox 494 2293 617 2357; x_wconf 90' lang='lat' dir='ltr'>Phoen.</span> <span class='ocrx_word' id='word_1_133' title='bbox 635 2292 725 2356; x_wconf 81' lang='lat' dir='ltr'>299b</span> <span class='ocrx_word' id='word_1_134' title='bbox 743 2293 841 2357; x_wconf 86' lang='lat' dir='ltr'>verba</span> <span class='ocrx_word' id='word_1_135' title='bbox 859 2293 904 2374; x_wconf 83' lang='grc' dir='ltr'>(τί</span> <span class='ocrx_word' id='word_1_136' title='bbox 922 2291 1039 2371; x_wconf 66' lang='grc' dir='ltr'><em>μέλλεις</em></span> <span class='ocrx_word' id='word_1_137' title='bbox 1054 2289 1218 2375; x_wconf 75' lang='grc' dir='ltr'>ὑπιλ)ροφο</span> <span class='ocrx_word' id='word_1_138' title='bbox 1237 2289 1382 2370; x_wconf 68' lang='grc' dir='ltr'>μέλαθρα</span> 
     </span>
     <span class='ocr_line' id='line_1_19' title="bbox 243 2395 941 2481; baseline 0.001 -24"><span class='ocrx_word' id='word_1_139' title='bbox 243 2403 337 2478; x_wconf 77' lang='grc' dir='ltr'>περᾶν</span> <span class='ocrx_word' id='word_1_140' title='bbox 359 2395 497 2460; x_wconf 82' lang='lat' dir='ltr'>fortusse</span> <span class='ocrx_word' id='word_1_141' title='bbox 521 2397 565 2460; x_wconf 89' lang='lat' dir='ltr'>ita</span> <span class='ocrx_word' id='word_1_142' title='bbox 588 2395 826 2481; x_wconf 89' lang='lat' dir='ltr'>transponenda</span> <span class='ocrx_word' id='word_1_143' title='bbox 850 2402 941 2460; x_wconf 91' lang='lat' dir='ltr'>sunt:</span> 
     </span>
     <span class='ocr_line' id='line_1_20' title="bbox 471 2497 1142 2583; baseline -0.003 -19"><span class='ocrx_word' id='word_1_144' title='bbox 471 2501 517 2582; x_wconf 85' lang='grc' dir='ltr'>(τί</span> <span class='ocrx_word' id='word_1_145' title='bbox 536 2499 656 2580; x_wconf 77' lang='grc' dir='ltr'><em>μέλλεις</em></span> <span class='ocrx_word' id='word_1_146' title='bbox 677 2497 845 2583; x_wconf 76' lang='grc' dir='ltr'>ὑπώ)ροφα</span> <span class='ocrx_word' id='word_1_147' title='bbox 867 2507 964 2579; x_wconf 68' lang='grc' dir='ltr'>περᾶν</span> <span class='ocrx_word' id='word_1_148' title='bbox 985 2498 1142 2580; x_wconf 59' lang='lat' dir='ltr'>reflatus,</span> 
     </span>
     <span class='ocr_line' id='line_1_21' title="bbox 242 2599 1382 2691; baseline -0.005 -25"><span class='ocrx_word' id='word_1_149' title='bbox 242 2625 304 2688; x_wconf 90' lang='lat' dir='ltr'>qua</span> <span class='ocrx_word' id='word_1_150' title='bbox 327 2605 574 2691; x_wconf 77' lang='lat' dir='ltr'>transpositione</span> <span class='ocrx_word' id='word_1_151' title='bbox 597 2611 672 2690; x_wconf 84' lang='lat' dir='ltr'>apte</span> <span class='ocrx_word' id='word_1_152' title='bbox 695 2611 862 2688; x_wconf 81' lang='lat' dir='ltr'>separatur</span> <span class='ocrx_word' id='word_1_153' title='bbox 885 2601 1078 2667; x_wconf 84' lang='lat' dir='ltr'>adiectivum</span> <span class='ocrx_word' id='word_1_154' title='bbox 1102 2625 1121 2666; x_wconf 86' lang='lat' dir='ltr'>a</span> <span class='ocrx_word' id='word_1_155' title='bbox 1148 2623 1206 2664; x_wconf 87' lang='lat' dir='ltr'>suo</span> <span class='ocrx_word' id='word_1_156' title='bbox 1236 2599 1382 2663; x_wconf 86' lang='lat' dir='ltr'>substan·</span> 
     </span>
     <span class='ocr_line' id='line_1_22' title="bbox 242 2707 652 2792; baseline 0.007 -23"><span class='ocrx_word' id='word_1_157' title='bbox 242 2707 306 2771; x_wconf 91' lang='lat' dir='ltr'>tivo</span> <span class='ocrx_word' id='word_1_158' title='bbox 332 2709 430 2772; x_wconf 91' lang='lat' dir='ltr'>verbo</span> <span class='ocrx_word' id='word_1_159' title='bbox 454 2708 652 2792; x_wconf 89' lang='lat' dir='ltr'>interposito.</span> 
     </span>
     <span class='ocr_line' id='line_1_23' title="bbox 345 2802 1380 2894; baseline -0.008 -19"><span class='ocrx_word' id='word_1_160' title='bbox 345 2811 381 2893; x_wconf 86' lang='lat'>5)</span> <span class='ocrx_word' id='word_1_161' title='bbox 405 2809 480 2874; x_wconf 82' lang='lat' dir='ltr'>Eur.</span> <span class='ocrx_word' id='word_1_162' title='bbox 505 2810 622 2876; x_wconf 76' lang='lat' dir='ltr'>Bacch.</span> <span class='ocrx_word' id='word_1_163' title='bbox 649 2812 729 2874; x_wconf 82' lang='grc'><strong>1007</strong></span> <span class='ocrx_word' id='word_1_164' title='bbox 756 2807 805 2890; x_wconf 78' lang='lat' dir='ltr'>(td</span> <span class='ocrx_word' id='word_1_165' title='bbox 829 2806 925 2893; x_wconf 79' lang='grc' dir='ltr'>σοφὸν</span> <span class='ocrx_word' id='word_1_166' title='bbox 947 2805 982 2873; x_wconf 76' lang='grc' dir='ltr'>οὐ</span> <span class='ocrx_word' id='word_1_167' title='bbox 1006 2804 1121 2894; x_wconf 74' lang='grc' dir='ltr'>φθόνῳ</span> <span class='ocrx_word' id='word_1_168' title='bbox 1141 2805 1239 2890; x_wconf 70' lang='grc' dir='ltr'>χαίροι</span> <span class='ocrx_word' id='word_1_169' title='bbox 1264 2802 1380 2888; x_wconf 60' lang='grc' dir='ltr'>θηρεύ-</span> 
     </span>
     <span class='ocr_line' id='line_1_24' title="bbox 243 2910 1058 2996; baseline -0.004 -20"><span class='ocrx_word' id='word_1_170' title='bbox 243 2913 343 2994; x_wconf 78' lang='lat' dir='ltr'>colna,</span> <span class='ocrx_word' id='word_1_171' title='bbox 366 2910 404 2976; x_wconf 82' lang='lat' dir='ltr'>roi</span> <span class='ocrx_word' id='word_1_172' title='bbox 427 2912 454 2977; x_wconf 72' lang='grc' dir='ltr'>δ’</span> <span class='ocrx_word' id='word_1_173' title='bbox 476 2914 565 2996; x_wconf 65' lang='lat' dir='ltr'>draco</span> <span class='ocrx_word' id='word_1_174' title='bbox 585 2913 704 2996; x_wconf 73' lang='grc' dir='ltr'>μι-’γαλα</span> <span class='ocrx_word' id='word_1_175' title='bbox 728 2912 978 2996; x_wconf 86' lang='lat' dir='ltr'>transposuerim</span> <span class='ocrx_word' id='word_1_176' title='bbox 998 2911 1058 2974; x_wconf 90' lang='lat' dir='ltr'>ita:</span> 
     </span>
     <span class='ocr_line' id='line_1_25' title="bbox 277 3011 1358 3106; baseline -0.007 -24"><span class='ocrx_word' id='word_1_177' title='bbox 277 3016 329 3101; x_wconf 74' lang='lat' dir='ltr'>(ro&#39;</span> <span class='ocrx_word' id='word_1_178' title='bbox 353 3015 447 3104; x_wconf 78' lang='grc' dir='ltr'>σοφὸν</span> <span class='ocrx_word' id='word_1_179' title='bbox 471 3017 508 3081; x_wconf 78' lang='grc' dir='ltr'>ου’</span> <span class='ocrx_word' id='word_1_180' title='bbox 530 3017 640 3106; x_wconf 72' lang='grc' dir='ltr'>φθόνῳ</span> <span class='ocrx_word' id='word_1_181' title='bbox 658 3018 759 3102; x_wconf 77' lang='grc' dir='ltr'>χαίροι</span> <span class='ocrx_word' id='word_1_182' title='bbox 784 3015 984 3100; x_wconf 76' lang='grc' dir='ltr'>θηρεύον)οο,</span> <span class='ocrx_word' id='word_1_183' title='bbox 1009 3012 1046 3079; x_wconf 79' lang='lat' dir='ltr'>rol</span> <span class='ocrx_word' id='word_1_184' title='bbox 1070 3014 1105 3078; x_wconf 65' lang='lat' dir='ltr'>ds*</span> <span class='ocrx_word' id='word_1_185' title='bbox 1127 3011 1237 3096; x_wconf 68' lang='lat' dir='ltr'>rtdyul&#39;</span> <span class='ocrx_word' id='word_1_186' title='bbox 1261 3012 1358 3092; x_wconf 73' lang='grc' dir='ltr'>ἕτερα.</span> 
     </span>
    </p>
   </div>
   <div class='ocr_carea' id='block_1_3' title="bbox 241 3220 1381 4034">
    <p class='ocr_par' dir='ltr' id='par_1_3' title="bbox 241 3220 1381 4034">
     <span class='ocr_line' id='line_1_26' title="bbox 345 3220 1223 3310; baseline -0.007 -22"><span class='ocrx_word' id='word_1_187' title='bbox 345 3225 443 3290; x_wconf 82' lang='lat' dir='ltr'>Facili</span> <span class='ocrx_word' id='word_1_188' title='bbox 465 3225 603 3310; x_wconf 87' lang='lat' dir='ltr'>denique</span> <span class='ocrx_word' id='word_1_189' title='bbox 627 3224 804 3289; x_wconf 83' lang='lat' dir='ltr'>mutatione</span> <span class='ocrx_word' id='word_1_190' title='bbox 826 3229 980 3286; x_wconf 86' lang='lat' dir='ltr'>sanantur</span> <span class='ocrx_word' id='word_1_191' title='bbox 1002 3221 1033 3284; x_wconf 91' lang='lat' dir='ltr'>hi</span> <span class='ocrx_word' id='word_1_192' title='bbox 1057 3221 1122 3286; x_wconf 93' lang='lat' dir='ltr'>duo</span> <span class='ocrx_word' id='word_1_193' title='bbox 1145 3220 1223 3284; x_wconf 91' lang='lat' dir='ltr'>leci:</span> 
     </span>
     <span class='ocr_line' id='line_1_27' title="bbox 287 3320 1374 3412; baseline -0.006 -20"><span class='ocrx_word' id='word_1_194' title='bbox 287 3329 319 3410; x_wconf 91' lang='lat' dir='ltr'>l)</span> <span class='ocrx_word' id='word_1_195' title='bbox 348 3331 402 3392; x_wconf 82' lang='lat' dir='ltr'>Ar.</span> <span class='ocrx_word' id='word_1_196' title='bbox 418 3351 467 3394; x_wconf 85' lang='lat' dir='ltr'>av.</span> <span class='ocrx_word' id='word_1_197' title='bbox 481 3329 600 3404; x_wconf 83' lang='lat' dir='ltr'>1193b‚</span> <span class='ocrx_word' id='word_1_198' title='bbox 625 3329 679 3393; x_wconf 93' lang='lat' dir='ltr'>ubi</span> <span class='ocrx_word' id='word_1_199' title='bbox 702 3349 759 3412; x_wconf 91' lang='lat' dir='ltr'>pro</span> <span class='ocrx_word' id='word_1_200' title='bbox 774 3327 911 3391; x_wconf 88' lang='lat' dir='ltr'>lectione</span> <span class='ocrx_word' id='word_1_201' title='bbox 921 3325 1044 3389; x_wconf 88' lang='lat' dir='ltr'>&#39;tradita</span> <span class='ocrx_word' id='word_1_202' title='bbox 1066 3323 1103 3388; x_wconf 81' lang='grc' dir='ltr'>ὃν</span> <span class='ocrx_word' id='word_1_203' title='bbox 1116 3322 1240 3406; x_wconf 74' lang='grc' dir='ltr'>Ἔρεβος</span> <span class='ocrx_word' id='word_1_204' title='bbox 1255 3320 1374 3386; x_wconf 74' lang='grc' dir='ltr'>ἐτέκετο</span> 
     </span>
     <span class='ocr_line' id='line_1_28' title="bbox 350 3429 902 3514; baseline -0.007 -18"><span class='ocrx_word' id='word_1_205' title='bbox 350 3433 558 3498; x_wconf 77' lang='lat' dir='ltr'>restituerim:</span> <span class='ocrx_word' id='word_1_206' title='bbox 581 3430 617 3494; x_wconf 80' lang='grc' dir='ltr'>ὃν</span> <span class='ocrx_word' id='word_1_207' title='bbox 632 3429 753 3514; x_wconf 72' lang='grc' dir='ltr'>’Ἐριβος</span> <span class='ocrx_word' id='word_1_208' title='bbox 776 3429 902 3493; x_wconf 78' lang='grc' dir='ltr'>τείιετο.ι</span> 
     </span>
     <span class='ocr_line' id='line_1_29' title="bbox 285 3527 1381 3619; baseline -0.005 -23"><span class='ocrx_word' id='word_1_209' title='bbox 285 3533 320 3616; x_wconf 84' lang='grc'>2)</span> <span class='ocrx_word' id='word_1_210' title='bbox 347 3534 424 3599; x_wconf 85' lang='lat' dir='ltr'>Eur.</span> <span class='ocrx_word' id='word_1_211' title='bbox 443 3535 512 3619; x_wconf 91' lang='lat' dir='ltr'>lph.</span> <span class='ocrx_word' id='word_1_212' title='bbox 528 3533 625 3598; x_wconf 82' lang='lat' dir='ltr'>Taur.</span> <span class='ocrx_word' id='word_1_213' title='bbox 642 3537 714 3614; x_wconf 66' lang='lat' dir='ltr'>Str,</span> <span class='ocrx_word' id='word_1_214' title='bbox 731 3535 784 3618; x_wconf 94' lang='lat' dir='ltr'>qui</span> <span class='ocrx_word' id='word_1_215' title='bbox 800 3535 890 3598; x_wconf 89' lang='lat' dir='ltr'>locus</span> <span class='ocrx_word' id='word_1_216' title='bbox 906 3531 934 3594; x_wconf 91' lang='lat' dir='ltr'>io</span> <span class='ocrx_word' id='word_1_217' title='bbox 951 3529 1112 3594; x_wconf 81' lang='lat' dir='ltr'>codicibus</span> <span class='ocrx_word' id='word_1_218' title='bbox 1125 3536 1157 3592; x_wconf 90' lang='lat' dir='ltr'>et</span> <span class='ocrx_word' id='word_1_219' title='bbox 1171 3529 1202 3592; x_wconf 93' lang='lat' dir='ltr'>in</span> <span class='ocrx_word' id='word_1_220' title='bbox 1220 3527 1381 3613; x_wconf 91' lang='lat' dir='ltr'>plerisque</span> 
     </span>
     <span class='ocr_line' id='line_1_30' title="bbox 351 3636 763 3721; baseline 0 -21"><span class='ocrx_word' id='word_1_221' title='bbox 351 3636 542 3701; x_wconf 89' lang='lat' dir='ltr'>editionibus</span> <span class='ocrx_word' id='word_1_222' title='bbox 565 3638 609 3700; x_wconf 88' lang='lat' dir='ltr'>ita</span> <span class='ocrx_word' id='word_1_223' title='bbox 632 3638 763 3721; x_wconf 88' lang='lat' dir='ltr'>legitur:</span> 
     </span>
     <span class='ocr_line' id='line_1_31' title="bbox 241 3730 1379 3824; baseline -0.008 -21"><span class='ocrx_word' id='word_1_224' title='bbox 241 3741 320 3821; x_wconf 73' lang='lat' dir='ltr'>(ulra</span> <span class='ocrx_word' id='word_1_225' title='bbox 343 3765 387 3805; x_wconf 90' lang='grc' dir='ltr'>σοι</span> <span class='ocrx_word' id='word_1_226' title='bbox 411 3739 504 3824; x_wconf 85' lang='grc' dir='ltr'>πὸρον</span> <span class='ocrx_word' id='word_1_227' title='bbox 526 3739 690 3824; x_wconf 60' lang='grc' dir='ltr'>εὑρομένα)</span> <span class='ocrx_word' id='word_1_228' title='bbox 714 3738 803 3804; x_wconf 83' lang='grc' dir='ltr'>πάλιν</span> <span class='ocrx_word' id='word_1_229' title='bbox 817 3736 878 3802; x_wconf 79' lang='lat' dir='ltr'>dod</span> <span class='ocrx_word' id='word_1_230' title='bbox 898 3737 1023 3817; x_wconf 76' lang='grc' dir='ltr'>πόλεως,</span> <span class='ocrx_word' id='word_1_231' title='bbox 1047 3733 1122 3818; x_wconf 81' lang='lat' dir='ltr'>(dud</span> <span class='ocrx_word' id='word_1_232' title='bbox 1137 3733 1233 3820; x_wconf 76' lang='grc' dir='ltr'>φόνου</span> <span class='ocrx_word' id='word_1_233' title='bbox 1249 3730 1379 3817; x_wconf 70' lang='grc' dir='ltr'>πέμψω)</span> 
     </span>
     <span class='ocr_line' id='line_1_32' title="bbox 629 3840 997 3927; baseline -0.011 -19"><span class='ocrx_word' id='word_1_234' title='bbox 629 3843 749 3927; x_wconf 69' lang='grc' dir='ltr'>πατρίδ’</span> <span class='ocrx_word' id='word_1_235' title='bbox 772 3845 802 3920; x_wconf 76' lang='grc' dir='ltr'>ἐς</span> <span class='ocrx_word' id='word_1_236' title='bbox 821 3840 997 3926; x_wconf 76' lang='grc' dir='ltr'>Ἀργείαν),</span> 
     </span>
     <span class='ocr_line' id='line_1_33' title="bbox 242 3943 933 4034; baseline -0.004 -23"><span class='ocrx_word' id='word_1_237' title='bbox 242 3966 433 4034; x_wconf 84' lang='lat' dir='ltr'>quamquam</span> <span class='ocrx_word' id='word_1_238' title='bbox 457 3949 629 4014; x_wconf 88' lang='lat' dir='ltr'>absurdum</span> <span class='ocrx_word' id='word_1_239' title='bbox 654 3955 703 4014; x_wconf 90' lang='lat' dir='ltr'>est</span> <span class='ocrx_word' id='word_1_240' title='bbox 726 3943 784 4011; x_wconf 79' lang='grc' dir='ltr'>α’πὰ</span> <span class='ocrx_word' id='word_1_241' title='bbox 810 3944 933 4022; x_wconf 81' lang='grc' dir='ltr'>πόλεως.</span> 
     </span>
    </p>
   </div>
   <div class='ocr_carea' id='block_1_4' title="bbox 239 4197 1383 4451">
    <p class='ocr_par' dir='ltr' id='par_1_4' title="bbox 239 4197 1383 4451">
     <span class='ocr_line' id='line_1_34' title="bbox 342 4197 1383 4274; baseline -0.011 -13"><span class='ocrx_word' id='word_1_242' title='bbox 342 4208 508 4261; x_wconf 76' lang='lat' dir='ltr'>¹Aoristurn</span> <span class='ocrx_word' id='word_1_243' title='bbox 529 4213 678 4274; x_wconf 80' lang='lat' dir='ltr'>augmento</span> <span class='ocrx_word' id='word_1_244' title='bbox 704 4207 840 4274; x_wconf 83' lang='lat' dir='ltr'>syllabico</span> <span class='ocrx_word' id='word_1_245' title='bbox 864 4211 1003 4257; x_wconf 83' lang='lat' dir='ltr'>carentem</span> <span class='ocrx_word' id='word_1_246' title='bbox 1031 4201 1057 4253; x_wconf 91' lang='lat' dir='ltr'>in</span> <span class='ocrx_word' id='word_1_247' title='bbox 1084 4201 1197 4266; x_wconf 85' lang='lat' dir='ltr'>stropha</span> <span class='ocrx_word' id='word_1_248' title='bbox 1222 4197 1383 4250; x_wconf 84' lang='lat' dir='ltr'>dochmioco</span> 
     </span>
     <span class='ocr_line' id='line_1_35' title="bbox 241 4285 1383 4360; baseline -0.009 -15"><span class='ocrx_word' id='word_1_249' title='bbox 241 4293 367 4347; x_wconf 82' lang='lat' dir='ltr'>adhibuit</span> <span class='ocrx_word' id='word_1_250' title='bbox 385 4310 407 4345; x_wconf 91' lang='lat' dir='ltr'>e.</span> <span class='ocrx_word' id='word_1_251' title='bbox 428 4309 455 4360; x_wconf 81' lang='lat' dir='ltr'>g.</span> <span class='ocrx_word' id='word_1_252' title='bbox 473 4291 620 4358; x_wconf 82' lang='lat' dir='ltr'>Euripides</span> <span class='ocrx_word' id='word_1_253' title='bbox 639 4293 699 4358; x_wconf 87' lang='lat' dir='ltr'>lph.</span> <span class='ocrx_word' id='word_1_254' title='bbox 717 4293 799 4344; x_wconf 86' lang='lat' dir='ltr'>Tour.</span> <span class='ocrx_word' id='word_1_255' title='bbox 817 4289 868 4344; x_wconf 74' lang='lat'>854</span> <span class='ocrx_word' id='word_1_256' title='bbox 888 4290 935 4360; x_wconf 68' lang='lat' dir='ltr'>lyci</span> <span class='ocrx_word' id='word_1_257' title='bbox 955 4287 1009 4342; x_wconf 71' lang='grc' dir='ltr'>δίῗ</span> <span class='ocrx_word' id='word_1_258' title='bbox 1020 4289 1108 4357; x_wconf 61' lang='lat' dir='ltr'>pilam</span> <span class='ocrx_word' id='word_1_259' title='bbox 1121 4285 1178 4346; x_wconf 78' lang='grc' dir='ltr'>οἷδ’,</span> <span class='ocrx_word' id='word_1_260' title='bbox 1193 4289 1236 4338; x_wconf 72' lang='grc' dir='ltr'>ὅτε</span> <span class='ocrx_word' id='word_1_261' title='bbox 1254 4285 1383 4355; x_wconf 69' lang='grc' dir='ltr'>φιὶογπνον</span> 
     </span>
     <span class='ocr_line' id='line_1_36' title="bbox 239 4376 702 4451; baseline -0.004 -20"><span class='ocrx_word' id='word_1_262' title='bbox 239 4379 299 4451; x_wconf 67' lang='grc' dir='ltr'>δίρρ</span> <span class='ocrx_word' id='word_1_263' title='bbox 316 4379 382 4448; x_wconf 61' lang='grc' dir='ltr'>θῆκ’</span> <span class='ocrx_word' id='word_1_264' title='bbox 398 4403 441 4445; x_wconf 81' lang='grc' dir='ltr'>μοι</span> <span class='ocrx_word' id='word_1_265' title='bbox 458 4376 600 4445; x_wconf 73' lang='grc' dir='ltr'>μελεόφρων</span> <span class='ocrx_word' id='word_1_266' title='bbox 620 4376 702 4448; x_wconf 71' lang='grc' dir='ltr'>πιιτὴρ</span> 
     </span>
    </p>
   </div>
   <div class='ocr_carea' id='block_1_5' title="bbox 1242 4458 1274 4508">
    <p class='ocr_par' dir='ltr' id='par_1_5' title="bbox 1242 4458 1274 4508">
     <span class='ocr_line' id='line_1_37' title="bbox 1242 4458 1274 4508; baseline 0 -18"><span class='ocrx_word' id='word_1_267' title='bbox 1242 4458 1274 4508; x_wconf 64' lang='grc'>4*</span> 
     </span>
    </p>
   </div>
   <div class='ocr_carea' id='block_1_6' title="bbox 0 0 1624 4930">
    <p class='ocr_par' dir='ltr' id='par_1_6' title="bbox 0 0 1624 4930">
     <span class='ocr_line' id='line_1_38' title="bbox 0 0 1624 4930; baseline 0 1"><span class='ocrx_word' id='word_1_268' title='bbox 0 0 1624 4930; x_wconf 95' lang='lat' dir='ltr'> </span> 
     </span>
    </p>
   </div>
  </div>
 </body>
</html>
