3274 4934
763 399 974 460 ..42-

303 585 378 650 licet
400 585 639 670 maximopere
669 593 798 652 seruata
827 586 868 651 sit
895 585 1128 671 inscriptionis,
1161 591 1268 652 tamen
1290 586 1438 668 quoniam

302 707 414 754 versus
435 695 464 752 4.
486 695 504 752 5
521 689 618 756 valde
634 689 798 756 mutilatus
815 691 910 774 plane
925 712 988 755 non
1013 691 1247 775 intellegimus,
1276 711 1338 756 non
1362 691 1440 756 catis

302 791 403 874 liquet
419 793 580 874 quodnam
596 793 692 858 fucrit
707 793 858 860 carminis
873 801 1107 878 argumentum.
1118 833 1161 840 -
1177 794 1215 858 V.
1230 799 1241 856 1
1258 814 1329 858 cum
1346 793 1440 858 lectio

301 896 460 980 Lepsiana
476 897 508 959 Γ
510 895 533 962 Ε
538 893 722 962 ΓΟΝΥΙΑ
738 903 847 962 carcat
865 917 978 980 sensu,
1004 898 1107 984 φλλον
1120 892 1178 961 cla
1194 897 1279 980 quod
1295 897 1441 982 reposui-

299 1019 371 1064 mus
386 1021 449 1065 non
464 999 619 1066 recedita
641 1000 789 1066 (luctibus
811 1000 949 1066 traditis.
990 1001 1155 1066 Lacrimas
1175 1006 1281 1066 autem
1297 1002 1440 1065 Aurorae

299 1103 473 1169 verisimile
488 1111 538 1170 cut
553 1104 596 1170 ad
610 1125 714 1171 rorem
730 1106 920 1170 matutinum
936 1125 998 1188 quc
1014 1105 1190 1170 Memnonis
1205 1103 1313 1188 imago
1330 1103 1438 1170 inlun-

300 1205 393 1272 datur
417 1206 602 1274 referendas
628 1227 710 1274 osne.
744 1209 892 1276 Ceterum
913 1208 1023 1275 censer
1044 1227 1157 1274 versus
1172 1208 1246 1274 illos
1261 1208 1438 1274 homericos

305 1311 330 1392 (c
349 1315 377 1374 l.
397 1313 425 1394 2)
445 1303 510 1397 ἠὼς
533 1305 560 1376 δ’
579 1310 615 1376 ἐκ
638 1313 762 1394 λεχέων
785 1306 865 1399 παρ’
890 1307 1018 1397 ἀγαυοῦ
1043 1317 1216 1378 Τιθωνοῖο
1235 1305 1371 1398 ὤρνυθ’,
1396 1303 1438 1376 ἵν’

303 1407 509 1479 ἀθανάτοισι
525 1411 620 1501 φόως
636 1420 736 1502 φέροι
753 1410 810 1504 ἠδὲ
825 1422 1009 1501 βροτοῖσιν.
1027 1453 1070 1463 -
1089 1417 1127 1482 V.
1143 1419 1162 1481 3
1178 1417 1337 1482 sententia
1351 1415 1441 1482 simi-

302 1518 342 1583 lie
369 1524 420 1584 est
439 1517 619 1586 homericae
645 1521 674 1604 (y
699 1523 724 1602 l]
747 1513 856 1606 ἠέλιος
879 1517 989 1586 λιπὼν
1010 1520 1215 1606 περικαλλέα
1238 1519 1374 1606 λλμνφντ
1407 1525 1442 1584 ut

301 1621 386 1687 enim
402 1621 550 1688 Memnon
565 1623 637 1707 ipse
653 1617 808 1711 ἀννολλης
823 1621 982 1704 βασιλεὺς
1004 1623 1109 1709 (Kaib.
1129 1645 1161 1688 u.
1181 1625 1243 1688 998
1259 1645 1291 1687 v.
1309 1627 1357 1704 ll,
1377 1627 1441 1704 βα-

301 1721 412 1802 σιλεὺς
436 1723 517 1810 ἑῷος
540 1727 580 1808 (ο.
603 1729 683 1790 1003
700 1747 730 1791 v.
750 1731 780 1810 l)
799 1727 1000 1813 appellatur,
1033 1727 1079 1792 ita
1102 1727 1161 1792 hoc
1190 1727 1259 1792 loco
1285 1727 1440 1791 Auroram

302 1830 434 1912 criente,
460 1830 567 1916 patria
582 1851 641 1896 sua
657 1830 804 1897 fabulosa
820 1852 914 1898 mane
936 1829 1047 1916 egredi
1066 1839 1176 1896 auctor
1194 1830 1295 1915 fingit.
1336 1830 1442 1896 Verba

301 1926 339 2020 ἧς
354 1938 451 2020 γαίης
466 1931 610 2020 μύθφμα
629 1935 777 2020 excipere
793 1935 920 2002 videtur
937 1940 1148 2022 θεοπρεαέςε
1175 1955 1368 2018 quamquam
1384 1955 1441 2018 pro

302 2039 406 2123 priore
429 2038 467 2101 Π
490 2039 523 2103 in
546 2045 660 2124 ectypo
683 2038 832 2105 distincte
858 2037 903 2102 ΙΤ
931 2040 1057 2106 litterae
1080 2046 1250 2126 apparent.
1278 2077 1316 2086 -
1341 2039 1378 2102 V.
1407 2044 1437 2101 l.

306 2143 426 2208 Notum
458 2142 652 2208 homericum
681 2148 777 2219 θεῖος
808 2137 937 2230 ὄνειρος
966 2145 1074 2228 (veluti
1105 2145 1131 2208 B
1160 2146 1200 2206 λλ
1224 2139 1441 2229 προσεφώνεε

302 2251 399 2322 θεῖος
423 2240 563 2330 ὄνειρος,
590 2246 686 2324 ξ495
708 2243 803 2322 θεῖός
826 2270 884 2328 μοι
908 2244 1068 2312 ἐνύπνιον
1089 2235 1196 2333 ἦλθεν
1219 2241 1376 2330 ὄνειρος);
1408 2253 1442 2310 at

302 2347 342 2416 de
358 2349 494 2416 lectione
511 2346 655 2414 eeloc
680 2347 891 2415 ΟΝΕΙΡΟΥ
908 2351 1055 2416 dubitare
1076 2371 1138 2416 nou
1163 2350 1247 2416 licet.
1267 2387 1309 2397 -·
1331 2351 1441 2415 Altero

302 2474 334 2538 p.
345 2451 402 2518 eh.
416 2454 557 2534 saeculo,
574 2453 624 2518 cui
640 2473 768 2520 carmen
783 2454 985 2520 tribuendum
1003 2454 1224 2536 emendetur,
1245 2453 1277 2518 in
1293 2455 1442 2536 Aegypto

300 2557 440 2640 agebant
468 2558 553 2640 legio
582 2559 629 2622 Ill
657 2558 836 2642 Cyrenaica
865 2565 897 2624 et
918 2559 1015 2622 XXII
1038 2558 1261 2634 Deiotariana3
1294 2557 1440 2622 alterutri

303 2661 440 2744 praefuit
454 2662 566 2727 Iulius.

816 2935 917 3002 XIX.

388 3129 423 3192 C.
445 3129 471 3192 l.
491 3129 530 3192 (i.
551 3131 634 3192 ⁴722
651 3130 722 3193 coll.
740 3127 824 3193 Add.
838 3127 884 3192 lll
901 3149 931 3212 p.
950 3133 1039 3190 1205.
1065 3129 1179 3193 Kailrel
1198 3150 1229 3192 n.
1246 3133 1335 3192 loto.
1357 3129 1442 3212 Lop-

304 3233 371 3294 sius
388 3233 430 3296 Vl
448 3233 512 3296 tab.
533 3235 571 3293 λλ
589 3235 643 3296 tir.
665 3236 716 3295 72.
751 3234 906 3316 Ectypum
923 3231 1052 3296 contuli.

390 3421 424 3484 ln
452 3421 541 3486 initio
564 3422 648 3487 tituli
664 3423 839 3508 Dionysiae
856 3443 925 3486 curu
946 3418 1119 3486 ΚΥΡΙΟΥ
1143 3421 1337 3500 traderetur,
1367 3421 1441 3486 Bai-

302 3523 364 3588 liuu
380 3525 522 3609 reposuit

458 3656 544 3748 ὑνιὲρ
568 3659 669 3750 τύχης
692 3671 752 3728 τοῦ
775 3667 891 3747 nepum
914 3665 1098 3738 Διονυσίας

459 3765 496 3830 τὸ
522 3765 743 3854 ιεροσκὺνφμα
767 3775 841 3848 ete,

306 3925 388 3986 quae
410 3907 527 3971 Kaibel
550 3907 680 3992 reecpit.
713 3905 778 3972 Sed
793 3927 856 3970 vox
872 3910 989 3990 κορλοο
1004 3904 1046 3968 ad
1062 3905 1197 3970 alterurn
1213 3905 1339 3970 titulum
1356 3904 1393 3969 C.
1412 3905 1439 3967 l.

303 4009 343 4074 G.
362 4013 445 4072 4722
463 4011 614 4094 pertinet:
637 4011 690 4076 ubi
707 4011 861 4075 Francius
877 4009 919 4074 ad
935 4010 1032 4074 verba
1050 4009 1160 4090 qualia
1183 4009 1301 4073 tradita
1316 4009 1442 4093 accepit

302 4110 384 4176 θάθ
407 4121 423 4199 φ
441 4101 494 4192 [ζ
503 4107 680 4198 Ἀδριανοῦ
697 4117 765 4196 τοῦ]
782 4114 822 4179 de
838 4113 1019 4178 coniectura
1035 4116 1151 4198 κυρλον
1166 4112 1328 4196 apposuit.
1347 4111 1441 4189 Quod

301 4223 336 4282 ut
354 4217 495 4299 eluceat,
526 4217 635 4283 titulus
658 4219 743 4282 4722
767 4225 799 4282 et
823 4221 904 4280 4754
921 4217 1078 4300 quomodo
1093 4215 1127 4280 in
1142 4213 1251 4300 lapide
1267 4235 1338 4282 seue
1353 4215 1442 4281 exci-

303 4319 395 4404 piuul
409 4320 584 4404 perscribo:
