3248 4928
630 450 671 458 —
719 415 803 496 [343]
851 451 892 461 -
1288 421 1325 483 31

192 617 288 663 verus
303 596 376 663 sons
392 605 458 662 est:
486 599 693 678 Δωδωνίδας
707 603 812 686 11111,
840 607 977 681 Διανίας
991 605 1090 671 Phar.
1111 607 1194 672 End.
1219 606 1229 695 Η
1252 601 1329 674 δνό-

191 702 417 785 ματαΕ11111.,
452 696 559 785 ὄνομα
583 704 682 770 Phav.
709 707 792 773 Eud.
831 708 845 792 ΙΙ
874 701 961 794 ’Ὑρν
982 709 1092 792 Eust,
1119 704 1198 776 ‘'Y't'v
1223 711 1325 778 Phav.

193 803 275 870 End.
316 806 429 889 Neque
452 826 523 872 oum
547 808 659 874 eodem
682 809 820 876 Roberto
843 832 875 897 p.
895 815 957 875 249
980 812 1014 876 in
1037 812 1197 880 addendis
1219 815 1329 880 Eudo-

191 910 260 976 ciac
284 919 381 994 caput
404 911 483 996 περὶ
499 909 680 978 Πλειάδων
702 935 733 999 p.
754 915 816 978 339
844 913 1020 999 (Πλειάδες
1043 953 1085 962 -
1108 919 1218 1000 πέντε)
1245 918 1329 984 inter

191 1013 372 1096 fragmento
395 1015 686 1082 catasterismornm
710 1018 895 1102 receperim,
923 1019 1041 1105 quippe
1065 1021 1150 1104 quod
1173 1022 1327 1087 solamen

192 1117 303 1182 eodem
320 1116 499 1186 Phavoriuo
514 1141 546 1204 p.
569 1125 649 1185 1514
667 1120 796 1187 ductum
820 1142 902 1202 esse,
931 1123 982 1188 cni
1004 1130 1103 1190 totam
1127 1125 1216 1190 illam
1239 1126 1328 1210 glos-

191 1241 259 1284 sam
284 1219 381 1286 debet
398 1221 556 1289 Eudoeia:
584 1223 750 1302 Πλειάδες
772 1263 815 1272 -
831 1220 1009 1304 Ἄτλαντος
1032 1235 1064 1294 ei
1086 1228 1175 1312 λέγει
1190 1227 1226 1292 δὲ
1242 1233 1328 1294 Πίν-
1419 1271 1420 1278 .

191 1322 294 1409 δαρυς
316 1361 360 1370 -
381 1345 413 1410 p.
440 1328 503 1390 340
526 1323 564 1392 τὸ
588 1329 683 1405 τέλος
713 1349 753 1395 ex
775 1329 826 1394 Et.
851 1329 895 1394 M.
922 1333 996 1414 675,
1023 1333 1063 1394 34
1089 1331 1187 1398 habet
1209 1331 1323 1414 Phara,

189 1415 276 1514 ἦσαν
299 1425 334 1492 δὲ
359 1425 486 1494 δώδεκα
510 1469 551 1477 -
574 1429 611 1496 τὸ
637 1426 762 1518 άστρον
785 1439 883 1498 τοῦτο
906 1433 1048 1498 καλοῦσι
1063 1441 1096 1500 ct
1109 1456 1140 1520 p.
1161 1439 1223 1500 340
1239 1448 1327 1502 κεῖν·

190 1555 246 1595 ται
269 1531 303 1596 δὲ
327 1571 370 1580 -
393 1527 642 1622 άμαυρωθῷναι
664 1558 704 1602 cx
727 1535 895 1603 Eustathio
917 1536 958 1602 ad
981 1537 1075 1602 Hom.
1093 1559 1124 1624 p.
1148 1543 1240 1604 1155.
1278 1540 1326 1605 De

191 1635 382 1718 reliquorum
407 1636 494 1704 fonte
518 1659 616 1725 supra
638 1661 671 1726 p.
691 1643 731 1704 ‘28
755 1640 873 1706 dictum
897 1647 955 1707 est.

276 1739 415 1823 Collegit
436 1748 542 1808 autem
566 1743 687 1828 primns
709 1745 797 1810 locos
812 1765 830 1810 e
846 1744 1076 1810 catasterismis
1092 1745 1209 1830 petitos
1224 1745 1324 1810 Flaoh

189 1864 221 1928 p.
248 1847 299 1907 33.
348 1845 435 1932 Περὶ
460 1846 669 1924 Καλλιστοῦς
690 1869 723 1932 p.
751 1851 813 1912 259
843 1868 904 1913 non
933 1855 1018 1914 recte
1042 1870 1059 1914 e
1083 1849 1205 1916 Catast.
1232 1853 1326 1916 8111-

189 1947 287 2032 petit3
322 1947 393 2016 lons
420 1949 505 2015 enim
535 1957 583 2017 est
605 1952 744 2018 Tzetzae
774 1951 916 2020 scholion
947 1951 990 2017 ad
1012 1953 1144 2018 Hesiod.
1171 1973 1222 2040 op.
1249 1957 1321 2036 5114,

189 2073 221 2136 p.
244 2055 297 2116 161
326 2053 378 2118 ed.
397 2053 473 2119 Bas.
514 2054 603 2120 Idem
626 2055 771 2138 neglexit
792 2056 896 2122 locum
920 2076 953 2140 p.
974 2058 1033 2119 124
1057 2053 1327 2142 Διόσκουροι-

189 2153 397 2241 ἐπιφάνειαν
426 2155 526 2240 ἐ’σχον
555 2165 587 2224 ot
616 2152 691 2224 οὔτε
722 2155 784 2244 γάρ
814 2199 858 2206 -
885 2181 917 2245 p.
940 2161 999 2222 125
1024 2157 1060 2224 ἒν
1082 2171 1153 2235 τοῖς
1176 2154 1321 2246 άστροις,

188 2279 282 2342 quern
313 2280 332 2326 e
359 2261 589 2328 catasterismis
611 2283 640 2326 e.
669 2266 708 2326 ld
737 2262 872 2348 petitum
895 2262 1094 2328 Phavorinus
1116 2285 1148 2348 p.
1174 2268 1236 2328 516
1259 2265 1327 2330 Ευ-

189 2361 301 2428 dociae
325 2364 556 2450 suppeditavit.

274 2467 454 2534 Phavorino
476 2469 561 2535 enim
585 2469 696 2534 horurn
719 2489 845 2554 quoqne
869 2470 1010 2536 locorum
1034 2469 1185 2536 maiorem
1202 2475 1325 2555 partem

188 2569 297 2636 deberi
324 2573 375 2656 (ex
391 2573 544 2638 tredecim
561 2573 640 2638 loeis
663 2575 802 2657 novem),
830 2573 1032 2640 cumomnia
1054 2573 1223 2639 Phavorini
1247 2573 1324 2638 vitia

186 2673 220 2738 in
243 2674 377 2740 violatio
399 2683 592 2760 repetantur,
624 2675 719 2742 facile
742 2677 949 2760 intellegitur.
997 2677 1153 2756 Quattuor
1175 2677 1261 2742 locos
1284 2697 1324 2742 ex

186 2777 257 2862 ipso
279 2778 387 2862 aliquo
410 2779 700 2846 catasterismorum
725 2780 833 2846 codice
849 2779 993 2846 Eudocia
1015 2779 1142 2846 videtur
1161 2779 1321 2864 hausisse,

188 2880 250 2945 nisi
273 2880 353 2948 sorte
376 2882 409 2948 in
432 2883 638 2950 miscellaneo
660 2883 770 2966 aliquo
793 2883 888 2963 libro,
923 2884 1036 2968 quales
1059 2903 1085 2948 s.
1111 2884 1172 2948 XV
1195 2891 1227 2949 et
1248 2883 1324 2948 XVl

187 2986 361 3068 permultos
384 2987 584 3052 circumlatus
608 3006 680 3052 esse
704 2995 838 3070 constat,
864 2987 1018 3074 repperit:
1050 2987 1075 3068 1)
1104 2987 1140 3050 P.
1160 2988 1221 3050 315
1245 2987 1324 3072 περὶ

188 3095 247 3154 τοῦ
270 3083 386 3156 ὀϊστοῦ
408 3096 468 3156 τοῦ
492 3089 527 3154 ἐν
550 3097 596 3176 τῷ
618 3083 752 3178 οὐρανῷ
774 3091 896 3156 (latest.
919 3095 969 3154 ll.
1002 3091 1014 3174 ss
1046 3093 1073 3174 λ)
1102 3091 1138 3153 Ρ.
1159 3091 1220 3152 317
1245 3091 1324 3176 περὶ

188 3186 329 3278 ὄρνιθος
352 3200 412 3259 τοῦ
436 3192 472 3259 ἐν
496 3187 685 3280 οὐρανῷ-
701 3189 889 3282 ἀνέδραμεν
912 3193 960 3269 εἰς
978 3187 1126 3279 οὐρανόν
1148 3192 1219 3258 eal.
1239 3197 1292 3258 25.
1316 3193 1326 3280 ll

186 3297 212 3376 3)
247 3297 282 3360 P.
318 3300 378 3362 328
414 3298 493 3384 περὶ
525 3305 583 3386 τῆς
617 3297 654 3364 ἕν
686 3305 732 3384 τῷ
763 3293 896 3384 οὐρανῷ
925 3301 1105 3383 παρθένου
1138 3296 1210 3363 cat.
1244 3297 1274 3358 9.
1311 3295 1320 3380 {l

186 3404 213 3478 l)
250 3399 283 3464 P.
312 3403 373 3465 337
403 3403 483 3488 περὶ
513 3408 573 3468 τοῦ
601 3400 775 3489 Πηγάσου.
825 3395 965 3486 Ἄρατος
988 3400 1025 3464 δέ
1048 3421 1154 3487 φησιν
1176 3424 1206 3464 κ.
1233 3423 1261 3462 τ.
1289 3399 1318 3462 λ.

185 3503 255 3568 (lat.
287 3507 334 3568 18.

270 3609 347 3674 Sola
375 3609 474 3694 igitur
501 3609 582 3676 haec
611 3629 674 3674 non
702 3606 942 3690 ePhavorino‚
976 3607 1033 3673 sed
1056 3607 1190 3692 abipso
1213 3607 1322 3690 aliquo

185 3709 483 3778 Catnsterismorum
514 3713 595 3778 libro
625 3711 775 3776 videntur
803 3710 958 3794 originem
990 3709 1128 3776 trahere.
1176 3709 1323 3788 Quema

184 3815 301 3880 nostris
329 3816 488 3882 interdum
519 3815 614 3882 valde
644 3812 793 3880 recedere
822 3821 909 3880 reete
937 3819 1045 3878 monet
1073 3815 1186 3880 Flaoh.
1236 3815 1321 3894 Quin

183 3919 280 3984 etiarn
314 3921 429 3986 uostris
464 3920 588 4007 plenior
620 3919 648 3985 is
682 3918 782 3985 codex
817 3917 942 3982 videtur
975 3918 1075 3983 luisse
1112 3918 1145 3984 in
1179 3939 1250 4004 cap.
1287 3922 1318 3983 9.

185 4025 270 4089 Sane
293 4043 375 4106 qnae
403 4046 435 4109 p.
462 4027 523 4090 328
554 4023 652 4089 hebet
675 4021 817 4087 Endocia
840 4019 872 4084 oi
896 4020 932 4086 δὲ
947 4015 1126 4108 Ἀστραίου
1147 4026 1322 4106 θυγατέρα

185 4134 245 4194 τοῦ
267 4124 403 4213 πρώτου
426 4124 486 4214 τὴν
502 4121 653 4212 ἀστέρων
669 4119 827 4212 εὑρόντος
842 4117 1031 4207 ὀνομασίαν
1053 4126 1143 4210 apud
1163 4125 1322 4190 Graecum

185 4240 345 4298 auctorem
374 4252 436 4298 non
466 4231 605 4296 invenio.
653 4231 688 4294 P.
715 4231 777 4291 317
806 4235 913 4294 autem
943 4229 1022 4313 περὶ
1054 4223 1195 4314 ὄρνιθος
1224 4229 1323 4294 verbu

183 4335 216 4399 in
239 4335 301 4402 fine
325 4335 431 4422 posita
454 4334 484 4398 ol
509 4333 543 4399 δὲ
570 4333 724 4408 πλείονες
756 4331 813 4396 ἐπὶ
844 4338 881 4416 τῷ
905 4331 1008 4419 Λήδᾳ
1038 4338 1143 4397 ταῦτα
1175 4329 1322 4413 ἐμυθεύ-
