3248 4928
646 381 689 393 -
737 345 821 430 lassi
869 387 908 395 —
1305 348 1342 416 st

209 533 269 598 tior
297 554 335 599 eo
364 533 507 600 Eudocia
541 555 613 602 csse
643 535 779 622 ideoque
808 538 1013 621 integriorem
1043 537 1199 624 Hesychii
1228 539 1346 606 Milesii

209 644 330 702 textum
358 659 452 722 quarn
476 639 593 704 Suidas
616 639 751 706 Flachio
780 639 908 707 videtur
936 661 1095 708 servasse.
1143 641 1231 721 Quos
1258 643 1347 709 locos

211 741 452 824 perlustramus.

296 846 331 910 P.
358 849 399 909 49
422 845 463 912 dc
486 847 646 933 Antipatri
668 848 760 914 libris
783 847 927 914 Eudocia
949 849 1047 915 habet
1067 847 1165 916 haec:
1197 847 1347 935 ἔγραψεν

210 947 363 1035 ἱστορίαν
393 950 450 1014 καὶ
484 948 685 1038 σύγγραμμα
719 949 908 1019 ἐπιστολῶν
940 951 977 1018 ἐν
1008 954 1154 1035 βιβλίοις
1187 952 1343 1034 ε’ίκοσι,

210 1053 329 1119 Suidas
350 1054 448 1120 haec:
480 1056 662 1121 κατέλιπεν
692 1053 880 1122 ἐπιστολῶν
910 1053 1111 1142 σύγγραμμα
1140 1055 1176 1122 ἐν
1202 1057 1348 1140 βιβλίοις

210 1156 327 1222 δυσί·
344 1159 399 1222 καὶ
417 1157 580 1245 ἱστορίαν,
599 1156 659 1236 τὰς
675 1159 868 1247 Περδίκκου
883 1157 1023 1247 πράξεις
1036 1155 1219 1247 ’ίλλυρικάς
1231 1185 1261 1225 κ.
1273 1185 1303 1224 τ.
1314 1162 1344 1226 λ.

213 1261 331 1327 Suidas
352 1261 452 1346 igitur
474 1262 572 1346 duos,
599 1263 743 1330 Eudocis
765 1263 882 1347 viginti
904 1263 1001 1330 libros
1024 1264 1234 1348 epistularum
1255 1265 1348 1331 Anti-

213 1373 305 1449 patro
328 1365 491 1432 adscribit.
532 1366 616 1446 Quot
637 1387 750 1432 revera
770 1365 907 1448 luerint,
932 1367 1136 1449 ignoramus,
1162 1365 1225 1432 utri
1247 1366 1349 1431 maior

209 1467 293 1534 fides
316 1467 467 1536 habenda
489 1469 541 1552 sit,
567 1469 649 1534 nulli
671 1489 734 1534 non
756 1475 861 1555 patet3
895 1469 1015 1536 Snidae
1038 1470 1122 1535 enirn
1146 1470 1243 1536 verba
1265 1469 1347 1535 haec

211 1569 397 1660 στρατηγὸς
421 1573 600 1638 Φιλίππου
629 1566 702 1638 εἶτα
724 1567 946 1659 Ἀλεξάνδρου
974 1573 1030 1638 καὶ
1062 1571 1220 1656 διάδοχος
1247 1577 1347 1654 βασι-

211 1677 304 1752 λείας
327 1677 372 1742 ita
395 1683 496 1743 mutat
510 1677 679 1744 falsarius:
706 1673 892 1765 στρατηγὸς
909 1678 1088 1743 Φιλίππου
1102 1677 1160 1742 καὶ
1175 1674 1343 1759 διάδοχος.

210 1781 413 1866 Antipatrum
443 1781 542 1865 igitur
570 1781 656 1847 iners
687 1781 878 1866 ineptusque
909 1781 1060 1846 falsarius
1089 1781 1158 1847 solo
1180 1781 1347 1848 brevitatis

210 1884 315 1950 studio
338 1891 499 1970 permotus
523 1883 671 1970 Philippo
695 1882 918 1951 succedentem
940 1884 973 1949 in
997 1904 1096 1968 regno
1119 1884 1212 1950 lacit!

296 1989 332 2054 P.
359 1993 394 2050 51
431 1987 627 2054 Athenodori
658 1987 743 2052 vitae
773 1987 916 2053 eSuida
938 1993 971 2053 at
993 1987 1142 2053 Philostr,
1168 1987 1224 2052 vit.
1252 1987 1282 2051 ll
1309 1991 1345 2050 14

211 2091 331 2177 petitae
361 2091 514 2157 falsarius
542 2089 634 2156 addit
662 2083 873 2175 εῶγινώσκιον
905 2090 962 2173 (ita
983 2090 1108 2156 violarit
1131 2089 1241 2174 codex)
1269 2086 1348 2166 τοὺς

211 2192 407 2282 ῥητορικοὺς
430 2201 496 2260 τῶν
519 2191 629 2279 λόγιον
650 2194 707 2258 καὶ
730 2189 936 2280 πολυμαθὴς
959 2215 976 2258 e
999 2193 1149 2260 Philostr.
1175 2193 1232 2260 vit.
1256 2193 1345 2258 1133

215 2299 354 2383 (Aspasli
371 2299 462 2382 vita).
503 2297 586 2375 Quin
610 2295 706 2362 etiarn
731 2293 928 2383 ῥητορικοάς
950 2316 1020 2361 cnm
1044 2295 1256 2362 deterioribus
1273 2295 1349 2362 Phi-

211 2403 333 2468 lostrati
356 2401 447 2467 libris
470 2401 589 2483 scribit,
615 2401 765 2466 meliores
788 2401 907 2466 habent
926 2397 1105 2486 κριτικοὺς.
1146 2399 1253 2465 Verba
1268 2401 1348 2484 περὶ

210 2504 251 2569 τὰ
274 2504 433 2593 ῥητορικὰ
455 2509 561 2590 μίτρα
584 2525 623 2570 ex
647 2503 758 2570 eodem
782 2505 887 2590 capite
904 2503 1086 2570 Philostrati
1110 2503 1259 2570 uidentur
1273 2503 1348 2569 licta

210 2627 294 2675 esse.

296 2713 331 2776 P.
352 2717 392 2776 55
416 2711 456 2776 de
471 2710 711 2776 Anaximandro
726 2709 871 2776 Eudocia
892 2729 994 2792 usquc
1016 2707 1059 2773 ad
1077 2705 1195 2773 Θάλεω
1212 2707 1346 2774 Snidam

211 2814 354 2898 sequitur
377 2821 471 2879 etex
494 2812 605 2878 eodem
628 2813 713 2878 infra
734 2813 833 2880 verba
855 2801 953 2889 οὗτος
975 2817 1109 2897 πρῶτος
1129 2851 1166 2860 —
1186 2805 1348 2877 ἀπλανῶν

210 2919 333 3002 repetit.
383 2917 518 3001 Reliqua
540 2917 737 3001 deprompsit
759 2915 936 2999 eDiogene
953 2915 1081 2982 Laertio
1101 2915 1133 2979 ll
1151 2919 1184 2979 l:
1212 2915 1269 2978 καί
1288 2921 1347 3002 γῆς

210 3021 266 3085 καὶ
281 3017 454 3107 θαλάττης
470 3023 675 3108 περίμετρον
690 3025 823 3105 πρῶτος
839 3017 967 3103 ’ἐγραψε
987 3017 1027 3081 D.
1046 3017 1098 3098 L,
1126 3012 1166 3084 od
1180 3014 1247 3104 μὴν
1262 3011 1348 3081 άλλά

210 3127 266 3190 καὶ
299 3131 432 3212 πρῶτος
466 3121 627 3211 ἐτόλμησε
661 3121 722 3210 την
755 3113 954 3209 οἰκουμένην
988 3119 1024 3186 ἓν
1057 3125 1177 3186 πίνακι
1213 3118 1346 3208 γράψαι

211 3229 365 3296 Eudocia.

296 3334 332 3398 P.
359 3337 399 3398 59
423 3334 522 3399 verba
544 3327 749 3396 διδασκάλου
771 3325 881 3413 λόγων
903 3327 1087 3415 ῥητορικῶν
1108 3327 1141 3395 ln
1163 3329 1230 3394 vita
1253 3329 1347 3394 Anti-

211 3437 339 3521 phontis
369 3457 410 3501 cx
439 3435 551 3501 eodem
584 3435 775 3499 Philostrato
798 3431 855 3498 vit.
881 3433 895 3496 I
920 3435 959 3494 15
983 3431 1080 3497 sumit
1102 3428 1262 3514 Eudooia,
1295 3432 1346 3497 cui

209 3541 359 3606 maiorem
383 3539 511 3623 glossae
533 3545 656 3622 partem
679 3537 787 3602 debet.

295 3643 330 3707 P.
351 3647 387 3706 61
415 3641 569 3708 comicum
585 3639 800 3726 Antiphonem
817 3637 998 3723 Carystium
1021 3637 1113 3722 lingit
1136 3639 1269 3722 eiusque
1290 3637 1348 3704 tri-

210 3747 317 3831 ginta,
355 3746 408 3812 vel
440 3743 638 3811 »secundnm
668 3743 750 3810 ulios
780 3741 905 3809 fontes«
941 3741 1174 3826 quinquaginta
1203 3741 1343 3808 fabulas.

211 3851 259 3916 De
283 3870 346 3932 quo
368 3853 529 3934 Augustus
545 3847 694 3914 bleineke
714 3845 788 3912 hist.
807 3845 877 3912 orit.
896 3846 1006 3911 comio.
1025 3865 1132 3930 graec.
1152 3867 1185 3930 p.
1204 3848 1266 3910 340
1289 3867 1347 3911 au-

210 3953 347 4020 diendos
378 3959 442 4019 est:
479 3952 640 4018 »Euclocia
662 3958 719 4017 aut
741 3950 871 4035 scripsit
893 3956 949 4014 aut
972 3949 1110 4016 scrihere
1133 3949 1244 4016 debuit
1266 3973 1347 4034 τρυ-

209 4053 302 4143 γικδς
325 4063 357 4123 et
380 4055 577 4142 τραγῳδίας.
617 4055 700 4119 Nam
717 4052 834 4119 Suldas
858 4052 898 4120 de
921 4051 1033 4120 eodem
1056 4054 1103 4120 ita
1125 4051 1252 4119 scribit:
1272 4047 1347 4119 Ἀν-

209 4159 353 4248 τιφάνης
378 4158 567 4243 Καρύστιος
590 4156 722 4244 τρανὸς,
750 4154 836 4222 κατὰ
855 4159 987 4221 Θέσπιν
1009 4154 1152 4242 γεγονὼς
1174 4165 1246 4232 τοῖς
1266 4156 1347 4244 χρό-

209 4289 290 4340 νοις.
332 4265 424 4330 Ηυοο
445 4263 529 4329 enim
553 4262 709 4346 tragicum
733 4261 832 4327 luisse
855 4267 982 4346 poetam
1002 4262 1054 4325 vel
1069 4257 1243 4345 Thespidis
1259 4281 1345 4326 com-

1123 4365 1139 4415 6
