3274 4934
629 463 670 472 -
718 427 803 508 [rra]
852 463 894 473 -
1027 457 1032 468 ·
1280 427 1322 544 φτ

193 615 326 680 Constat
347 614 531 680 trierarchis
554 616 667 682 Atticis
696 617 807 682 alveos
836 616 964 681 narium
997 638 1017 682 a
1040 617 1169 682 civitate
1192 615 1326 681 traditas

193 739 280 798 csse,
314 737 394 800 quos
424 719 451 783 si
480 719 667 785 trierarchia
692 727 824 806 peracte
846 721 919 786 usui
942 721 1005 785 iarn
1029 741 1091 785 non
1115 719 1246 785 idoneos
1268 718 1326 784 dc

192 843 278 888 mum
295 824 509 906 reportabant,
529 823 575 888 rei
590 822 668 891 iacti
683 831 757 890 sunt
771 823 959 908 iudicesque
975 824 1201 904 decemcbant
1222 829 1325 888 utrum

192 925 266 992 ncvi
296 924 436 992 faciendi
465 926 504 992 iis
536 927 771 1012 imperarentur
799 949 908 994 necne.
958 927 1015 992 Sin
1037 947 1113 994 veru
1134 926 1328 994 trierarchus

193 1030 341 1112 quamvis
363 1051 384 1095 a
405 1030 565 1105 iudicibus
588 1031 819 1098 condemnatus
851 1039 959 1098 tamen
987 1051 1103 1096 novam
1127 1051 1241 1096 navem
1265 1049 1327 1095 non

192 1135 397 1216 instruxerat,
424 1135 538 1202 iterum
561 1136 594 1201 in
616 1136 667 1201 ius
689 1143 822 1202 vocatus
844 1135 965 1222 duplici
989 1157 1092 1222 poena
1114 1135 1324 1210 multabatnr3

193 1238 352 1304 cf.10cnnr
368 1259 461 1322 quem
475 1239 655 1305 Kcehicrus
671 1240 749 1306 citat
770 1241 911 1326 (Βαλαηι
927 1241 997 1318 3,Α
1013 1241 1075 1305 ccl.
1088 1241 1119 1304 11
1134 1261 1165 1304 v.
1178 1245 1218 1303 66
1227 1241 1324 1322 σιμιλε

195 1334 292 1418 οὗτος
319 1342 517 1428 (Pausanias)
546 1341 714 1424 εἰσαχθεὶς
744 1343 792 1420 εἰς
826 1340 862 1408 ιδ
896 1340 1111 1431 δικαστήριον
1133 1332 1245 1429 ὦφλεν
1268 1339 1327 1406 δύο

193 1444 338 1532 τριήρεις
367 1445 486 1523 καινὰς
520 1441 710 1514 ἀποδοῦναι
743 1451 819 1532 coiit)
853 1445 962 1512 πόλει.
1018 1449 1110 1514 Auno
1143 1454 1249 1513 autem
1274 1447 1325 1512 Ol.

197 1555 267 1632 113,
294 1554 312 1614 3
336 1572 394 1636 prc
423 1551 583 1618 iudicibus
612 1552 739 1619 senatui
768 1553 954 1618 mandatum
985 1571 1057 1618 esse
1081 1551 1206 1618 videtur
1227 1571 1248 1616 a
1269 1571 1328 1638 pe

193 1654 268 1738 pulc
291 1655 342 1719 ius
370 1655 530 1721 triremem
561 1655 750 1742 duplicandi
777 1657 1036 1738 trierarchcrum,
1069 1656 1122 1738 qui
1145 1675 1249 1739 neque
1271 1675 1329 1720 nc-

194 1777 265 1821 vam
288 1757 447 1823 triremem
470 1759 697 1826 aedificassent
724 1781 829 1842 neque
858 1780 914 1844 pro
942 1759 1061 1826 triremi
1091 1765 1211 1825 certam
1241 1778 1329 1823 sum-

194 1881 276 1924 mam
300 1861 481 1927 solvissent.
522 1863 614 1941 Quod
636 1884 700 1929 cur·
716 1863 834 1929 facturn
857 1863 910 1946 sit,
937 1862 1117 1928 Koehlerus
1140 1861 1229 1940 vidit,
1256 1880 1328 1925 curn

193 1963 341 2030 adnotat:
367 1957 540 2051 ‘Offcabar
554 1965 626 2029 weil
638 1967 688 2030 ιίιό
703 1967 901 2051 υιιίιδιιμίφσιι
916 1966 1010 2030 Fullo
1024 1964 1090 2029 siclt
1107 1964 1243 2050 pchiiaft
1264 1965 1331 2028 ιιιιιί

192 2089 231 2130 zu
245 2067 484 2132 zct'traubcrrdcrr
507 2069 770 2156 Verlraadlaapca
793 2071 1029 2155 Vcrualassaaq
1049 2069 1184 2154 φοροῦσα
1199 2067 1326 2132 tarrae&

193 2169 279 2236 Sane
302 2171 442 2237 dubitari
465 2178 570 2256 potest
591 2193 666 2237 num
696 2172 796 2239 verba
825 2163 923 2250 οὗτος
953 2171 1121 2254 εἰσαχθεὶς
1147 2169 1195 2248 εἷς
1217 2169 1253 2236 τὸ
1279 2170 1329 2236 δι-

195 2270 376 2360 καστήριον
398 2274 467 2338 κτλ.
493 2275 536 2340 ad
559 2276 693 2342 eandem
725 2297 792 2342 rem
822 2276 1003 2363 pertineant
1029 2282 1125 2360 atque
1153 2275 1210 2340 iila
1239 2299 1331 2361 τριη-

195 2374 346 2462 ράρχων,
384 2367 430 2444 ὧν
458 2377 646 2444 ίδίπλιοσεν
676 2373 820 2468 ηθουλη
847 2432 853 2444 .
876 2430 910 2444 ..
938 2377 998 2466 την
1019 2376 1147 2466 τριήρη.
1195 2379 1331 2444 Omnino

194 2481 278 2546 enim
302 2482 415 2546 mirum
446 2481 548 2548 videri
573 2481 677 2568 potest
699 2483 783 2567 quod
805 2485 838 2549 in
861 2482 1019 2549 iudicio
1042 2503 1145 2568 poena
1167 2481 1332 2568 duplicata

193 2605 266 2652 esse
289 2583 415 2652 dicitur.
448 2587 532 2652 Nam
556 2587 656 2672 siquis
679 2587 804 2653 debitor
825 2587 973 2672 publicus
995 2587 1080 2652 intra
1104 2593 1225 2653 certum
1249 2593 1331 2652 tern-

194 2689 279 2774 pcris
303 2689 443 2774 spatium
466 2688 609 2756 debitum
632 2711 695 2756 non
718 2691 880 2773 solvebat,
913 2690 956 2756 ad
986 2689 1215 2776 duplicandam
1244 2708 1331 2755 uum-

194 2813 277 2858 mam
307 2791 448 2859 iudicum
482 2794 642 2860 sententia
664 2815 726 2860 non
749 2793 888 2880 amplius
910 2813 989 2879 opus
1012 2801 1097 2860 erat:
1131 2793 1227 2859 immo
1251 2795 1331 2859 ultro

194 2895 329 2962 debitori
359 2894 492 2980 duplum
520 2903 589 2962 erat
618 2896 832 2982 pendendum.
880 2897 972 2975 Quod
1002 2897 1048 2963 ita
1076 2917 1149 2964 csse
1182 2919 1223 2963 ex
1245 2917 1332 2962 ccm-

194 2999 338 3084 piuribus
368 3000 447 3066 lucis
475 3001 683 3087 perspicitur:
715 3001 757 3068 cf.
782 3001 904 3067 Andcc.
930 3001 972 3068 dc
993 3008 1089 3086 myst.
1118 3005 1175 3064 73:
1214 3000 1245 3066 oi
1268 3001 1331 3083 pir

195 3098 356 3190 ἀργύριον
379 3098 575 3190 ὀφείλοντες
598 3112 643 3190 τῷ
666 3106 871 3192 δημοσίῳ..
894 3157 900 3168 .
926 3103 1059 3182 τούτοις
1084 3099 1100 3193 η
1123 3105 1187 3188 μὲν
1210 3103 1332 3182 ίκτισις

195 3197 235 3293 ἦν
258 3207 315 3273 ἐπὶ
343 3216 401 3296 της
432 3207 551 3297 ἐνάτης
582 3214 798 3295 πρυτανείας,
829 3209 860 3276 εί
889 3209 925 3275 δὲ
948 3206 1005 3297 μη,
1032 3207 1213 3276 διπλάσιον
1236 3203 1333 3296 ὀφεί-

195 3313 276 3379 λειν.
306 3313 495 3398 ίῦοωοοίλι.]
522 3335 549 3380 ο.
571 3314 687 3382 Ncucr.
715 3317 753 3377 7:
780 3313 825 3401 μη
850 3311 1059 3390 ἕκτισθὲντος
1082 3313 1119 3378 δὲ
1142 3320 1202 3378 τοῦ
1226 3306 1333 3399 ὀφλη-

194 3441 301 3499 ματος
324 3415 382 3482 ἒπλ
405 3425 462 3505 της
486 3415 605 3504 ἐνάτης
634 3421 840 3505 πρυτανείας
869 3417 1014 3483 διπλοῦν
1036 3415 1174 3500 ἔμελλεν
1198 3416 1334 3482 ίσεσθαι

196 3518 233 3584 ἰδ
257 3515 395 3607 ὄφλημα
418 3523 475 3586 καὶ
505 3518 778 3608 ἐγγραφήσεσθαι
794 3515 1052 3608 Ἀπολλόδωρος
1078 3519 1175 3605 (apud
1209 3527 1333 3606 practu-

194 3627 253 3708 rcs]
281 3622 461 3710 τριάκοντα
491 3622 640 3690 τάλαντα
672 3620 820 3710 ὀφείλων
849 3627 895 3708 τῷ
928 3625 1077 3711 δημοσίῳ
1105 3625 1171 3709 (pro
1193 3622 1329 3708 quinde-

194 3729 282 3812 cim).
326 3728 517 3812 [Demosth.]
539 3749 566 3795 c.
586 3727 755 3794 Theocrin.
779 3733 813 3790 1:
840 3723 1054 3814 τοῦπατρὸς
1078 3721 1193 3814 ἡμῶν.
1217 3779 1223 3792 .
1254 3721 1333 3792 ἀτυ-

194 3830 359 3920 χήσαντος
382 3828 470 3918 πρὸς
491 3828 552 3920 την
574 3828 677 3897 πόλιν
700 3831 757 3896 καὶ
780 3825 950 3918 ὀφλόντος
972 3832 1053 3897 δέκα
1076 3827 1241 3914 τάλαντα,
1277 3831 1333 3896 καλ

194 3933 316 4002 τούτου
338 3935 462 4002 διπλοῦ
483 3939 705 4022 γεγενημένου
724 3986 730 3999 .
751 3984 758 3997 .
780 3985 787 3999 .
813 3935 968 4020 Harpocr.
987 3953 1014 4000 s.
1034 3927 1184 4000 δδικίουε
1212 3932 1334 3999 ἔστιδὲ

196 4034 303 4122 ὄνομα
327 4038 430 4126 δίκης.
459 4032 662 4103 ἀποαίνυται
686 4037 722 4103 δὲ
746 4044 845 4104 τοῦτο
864 4030 1004 4120 ἁπλοῦν,
1027 4035 1086 4103 ἐὰν
1102 4033 1168 4123 πρὸ
1185 4035 1243 4125 τὴς
1259 4034 1336 4103 ε’νιί-

196 4167 253 4230 της
282 4147 489 4228 πρυτανείας
512 4135 684 4228 ἀποδοθῇ·
710 4141 740 4208 εί
768 4141 803 4206 δὲ
826 4138 883 4228 μη,
911 4141 1054 4208 διπλοῦν
1076 4138 1334 4223 καταβάλλεται.

195 4247 317 4326 Quibus
340 4245 420 4312 lucis
442 4243 553 4311 iudicii
575 4246 666 4310 nulla
687 4245 723 4312 fit
745 4246 874 4312 mentio.
914 4245 978 4312 Sed
1000 4244 1033 4310 in
1056 4245 1152 4311 rebus
1166 4245 1336 4312 navalibus

194 4351 289 4417 aliter
310 4350 490 4418 institutum
520 4349 622 4417 fuisse
652 4349 788 4418 videtur.
836 4350 920 4417 Nam
954 4355 1152 4418 armamenta
1173 4371 1236 4417 non
1259 4350 1332 4420 red-
