<?xml version="1.0" encoding="UTF-8"?>
<!DOCTYPE html PUBLIC "-//W3C//DTD XHTML 1.0 Transitional//EN"
    "http://www.w3.org/TR/xhtml1/DTD/xhtml1-transitional.dtd">
<html xmlns="http://www.w3.org/1999/xhtml" xml:lang="en" lang="en">
 <head>
  <title>
</title>
<meta http-equiv="Content-Type" content="text/html;charset=utf-8" />
  <meta name='ocr-system' content='tesseract 3.04.00' />
  <meta name='ocr-capabilities' content='ocr_page ocr_carea ocr_par ocr_line ocrx_word'/>
</head>
<body>
  <div class='ocr_page' id='page_1' title='image "./dissertationesp02stragoog_0242.png"; bbox 0 0 3238 4930; ppageno 0'>
   <div class='ocr_carea' id='block_1_1' title="bbox 712 464 1318 547">
    <p class='ocr_par' dir='ltr' id='par_1_1' title="bbox 712 464 1318 547">
     <span class='ocr_line' id='line_1_1' title="bbox 712 464 1318 547; baseline 0.013 -20"><span class='ocrx_word' id='word_1_1' title='bbox 712 464 801 547; x_wconf 88' lang='lat'><strong>[227]</strong></span> <span class='ocrx_word' id='word_1_2' title='bbox 1281 475 1318 536; x_wconf 87' lang='lat'>15</span> 
     </span>
    </p>
   </div>
   <div class='ocr_carea' id='block_1_2' title="bbox 124 654 1321 4297">
    <p class='ocr_par' dir='ltr' id='par_1_2' title="bbox 124 654 1321 1254">
     <span class='ocr_line' id='line_1_2' title="bbox 184 654 1319 743; baseline 0.007 -24"><span class='ocrx_word' id='word_1_3' title='bbox 184 661 216 719; x_wconf 91' lang='lat' dir='ltr'>et</span> <span class='ocrx_word' id='word_1_4' title='bbox 241 658 270 716; x_wconf 89' lang='lat' dir='ltr'><strong><em>B</em></strong></span> <span class='ocrx_word' id='word_1_5' title='bbox 293 655 392 719; x_wconf 81' lang='lat' dir='ltr'><strong>addit.</strong></span> <span class='ocrx_word' id='word_1_6' title='bbox 438 654 507 719; x_wconf 68' lang='lat' dir='ltr'>‘Has</span> <span class='ocrx_word' id='word_1_7' title='bbox 533 655 629 739; x_wconf 87' lang='lat' dir='ltr'>igitur</span> <span class='ocrx_word' id='word_1_8' title='bbox 652 657 705 740; x_wconf 92' lang='lat' dir='ltr'>qui</span> <span class='ocrx_word' id='word_1_9' title='bbox 729 655 871 720; x_wconf 82' lang='lat' dir='ltr'>codicem</span> <span class='ocrx_word' id='word_1_10' title='bbox 902 662 918 718; x_wconf 84' lang='grc' dir='ltr'><em>λ</em></span> <span class='ocrx_word' id='word_1_11' title='bbox 957 659 1079 722; x_wconf 83' lang='lat' dir='ltr'>curavit</span> <span class='ocrx_word' id='word_1_12' title='bbox 1108 660 1319 743; x_wconf 85' lang='lat' dir='ltr'>scribendum,</span> 
     </span>
     <span class='ocr_line' id='line_1_3' title="bbox 184 760 1320 848; baseline 0.007 -26"><span class='ocrx_word' id='word_1_13' title='bbox 184 760 380 843; x_wconf 79' lang='lat' dir='ltr'>supplevisse</span> <span class='ocrx_word' id='word_1_14' title='bbox 405 761 582 824; x_wconf 87' lang='lat' dir='ltr'>censendus</span> <span class='ocrx_word' id='word_1_15' title='bbox 607 769 656 824; x_wconf 89' lang='lat' dir='ltr'>est</span> <span class='ocrx_word' id='word_1_16' title='bbox 679 782 719 823; x_wconf 88' lang='lat' dir='ltr'>ex</span> <span class='ocrx_word' id='word_1_17' title='bbox 741 760 822 824; x_wconf 90' lang='lat' dir='ltr'>libro</span> <span class='ocrx_word' id='word_1_18' title='bbox 840 761 907 825; x_wconf 92' lang='lat' dir='ltr'>eius</span> <span class='ocrx_word' id='word_1_19' title='bbox 923 761 1060 826; x_wconf 84' lang='lat' dir='ltr'>familiae</span> <span class='ocrx_word' id='word_1_20' title='bbox 1080 763 1120 826; x_wconf 90' lang='lat' dir='ltr'>ad</span> <span class='ocrx_word' id='word_1_21' title='bbox 1144 785 1238 848; x_wconf 84' lang='lat' dir='ltr'>quam</span> <span class='ocrx_word' id='word_1_22' title='bbox 1256 770 1320 830; x_wconf 82' lang='lat' dir='ltr'>AB</span> 
     </span>
     <span class='ocr_line' id='line_1_4' title="bbox 186 863 1320 952; baseline 0.008 -26"><span class='ocrx_word' id='word_1_23' title='bbox 186 865 363 947; x_wconf 80' lang='lat' dir='ltr'>pertinent:</span> <span class='ocrx_word' id='word_1_24' title='bbox 395 872 492 946; x_wconf 84' lang='lat' dir='ltr'>atque</span> <span class='ocrx_word' id='word_1_25' title='bbox 525 863 661 926; x_wconf 84' lang='lat' dir='ltr'>indidem</span> <span class='ocrx_word' id='word_1_26' title='bbox 693 864 827 928; x_wconf 89' lang='lat' dir='ltr'>indicem</span> <span class='ocrx_word' id='word_1_27' title='bbox 860 863 947 928; x_wconf 90' lang='lat' dir='ltr'>illum</span> <span class='ocrx_word' id='word_1_28' title='bbox 981 866 1194 950; x_wconf 83' lang='lat' dir='ltr'>epithetorum</span> <span class='ocrx_word' id='word_1_29' title='bbox 1225 889 1320 952; x_wconf 91' lang='lat' dir='ltr'>quem</span> 
     </span>
     <span class='ocr_line' id='line_1_5' title="bbox 182 967 1321 1055; baseline 0.008 -27"><span class='ocrx_word' id='word_1_30' title='bbox 182 973 256 1029; x_wconf 86' lang='lat' dir='ltr'>ante</span> <span class='ocrx_word' id='word_1_31' title='bbox 273 967 386 1030; x_wconf 85' lang='grc'><strong>11111111</strong></span> <span class='ocrx_word' id='word_1_32' title='bbox 406 976 555 1052; x_wconf 77' lang='lat' dir='ltr'>quartum</span> <span class='ocrx_word' id='word_1_33' title='bbox 572 970 782 1054; x_wconf 88' lang='lat' dir='ltr'>perscriptum</span> <span class='ocrx_word' id='word_1_34' title='bbox 805 969 943 1052; x_wconf 85' lang='lat' dir='ltr'>legebat.</span> <span class='ocrx_word' id='word_1_35' title='bbox 960 971 1123 1055; x_wconf 85' lang='lat' dir='ltr'>repetisse.</span> <span class='ocrx_word' id='word_1_36' title='bbox 1148 971 1321 1037; x_wconf 86' lang='lat' dir='ltr'>Praeterea</span> 
     </span>
     <span class='ocr_line' id='line_1_6' title="bbox 183 1069 1319 1161; baseline 0.008 -31"><span class='ocrx_word' id='word_1_37' title='bbox 183 1070 325 1145; x_wconf 83' lang='lat' dir='ltr'>codicem</span> <span class='ocrx_word' id='word_1_38' title='bbox 349 1069 382 1133; x_wconf 98' lang='lat' dir='ltr'><em>F</em></span> <span class='ocrx_word' id='word_1_39' title='bbox 401 1073 545 1154; x_wconf 88' lang='lat' dir='ltr'>sequitur</span> <span class='ocrx_word' id='word_1_40' title='bbox 570 1071 672 1134; x_wconf 87' lang='lat' dir='ltr'>codex</span> <span class='ocrx_word' id='word_1_41' title='bbox 696 1097 717 1133; x_wconf 83' lang='grc' dir='ltr'><em>π</em></span> <span class='ocrx_word' id='word_1_42' title='bbox 741 1073 772 1134; x_wconf 88' lang='grc'>11</span> <span class='ocrx_word' id='word_1_43' title='bbox 793 1074 902 1155; x_wconf 89' lang='lat' dir='ltr'>paucis</span> <span class='ocrx_word' id='word_1_44' title='bbox 919 1073 979 1136; x_wconf 89' lang='lat' dir='ltr'>illis</span> <span class='ocrx_word' id='word_1_45' title='bbox 996 1095 1079 1158; x_wconf 90' lang='lat' dir='ltr'>qnae</span> <span class='ocrx_word' id='word_1_46' title='bbox 1101 1075 1233 1140; x_wconf 83' lang='lat' dir='ltr'>exhibet</span> <span class='ocrx_word' id='word_1_47' title='bbox 1255 1077 1319 1161; x_wconf 90' lang='lat' dir='ltr'>cpi-</span> 
     </span>
     <span class='ocr_line' id='line_1_7' title="bbox 124 1169 1125 1254; baseline 0.006 -20"><span class='ocrx_word' id='word_1_48' title='bbox 124 1198 127 1206; x_wconf 92' lang='lat'><em>·</em></span> <span class='ocrx_word' id='word_1_49' title='bbox 182 1172 278 1236; x_wconf 91' lang='lat' dir='ltr'>thetis</span> <span class='ocrx_word' id='word_1_50' title='bbox 301 1172 351 1252; x_wconf 81' lang='lat'>(11</span> <span class='ocrx_word' id='word_1_51' title='bbox 375 1175 404 1236; x_wconf 90' lang='lat'>2.</span> <span class='ocrx_word' id='word_1_52' title='bbox 428 1176 458 1238; x_wconf 89' lang='lat'>8.</span> <span class='ocrx_word' id='word_1_53' title='bbox 482 1171 534 1237; x_wconf 83' lang='lat'>111</span> <span class='ocrx_word' id='word_1_54' title='bbox 558 1177 587 1238; x_wconf 83' lang='lat'>9.</span> <span class='ocrx_word' id='word_1_55' title='bbox 612 1173 680 1254; x_wconf 79' lang='grc'><strong>21).</strong></span> <span class='ocrx_word' id='word_1_56' title='bbox 1123 1169 1125 1172; x_wconf 55' lang='grc'>’</span> 
     </span>
    </p>

    <p class='ocr_par' dir='ltr' id='par_1_3' title="bbox 180 1275 1319 2603">
     <span class='ocr_line' id='line_1_8' title="bbox 285 1275 1318 1360; baseline 0.007 -21"><span class='ocrx_word' id='word_1_57' title='bbox 285 1278 315 1339; x_wconf 94' lang='lat'>2.</span> <span class='ocrx_word' id='word_1_58' title='bbox 339 1275 464 1340; x_wconf 81' lang='lat' dir='ltr'>Codicis</span> <span class='ocrx_word' id='word_1_59' title='bbox 489 1302 507 1358; x_wconf 73' lang='lat' dir='ltr'><em>y</em></span> <span class='ocrx_word' id='word_1_60' title='bbox 529 1277 559 1339; x_wconf 93' lang='lat' dir='ltr'>iu</span> <span class='ocrx_word' id='word_1_61' title='bbox 592 1277 738 1360; x_wconf 86' lang='lat' dir='ltr'>epithetis</span> <span class='ocrx_word' id='word_1_62' title='bbox 770 1280 963 1360; x_wconf 81' lang='lat' dir='ltr'>graecanicis</span> <span class='ocrx_word' id='word_1_63' title='bbox 994 1280 1073 1344; x_wconf 86' lang='lat' dir='ltr'>haec</span> <span class='ocrx_word' id='word_1_64' title='bbox 1102 1302 1172 1344; x_wconf 86' lang='lat' dir='ltr'>cunr</span> <span class='ocrx_word' id='word_1_65' title='bbox 1206 1282 1318 1346; x_wconf 87' lang='lat' dir='ltr'>ceteris</span> 
     </span>
     <span class='ocr_line' id='line_1_9' title="bbox 183 1378 1319 1468; baseline 0.005 -26"><span class='ocrx_word' id='word_1_66' title='bbox 183 1379 262 1442; x_wconf 88' lang='lat' dir='ltr'>ratio</span> <span class='ocrx_word' id='word_1_67' title='bbox 299 1387 369 1442; x_wconf 90' lang='lat' dir='ltr'>est:</span> <span class='ocrx_word' id='word_1_68' title='bbox 410 1378 444 1461; x_wconf 85' lang='lat' dir='ltr'>a)</span> <span class='ocrx_word' id='word_1_69' title='bbox 483 1381 671 1465; x_wconf 87' lang='lat' dir='ltr'>pierumque</span> <span class='ocrx_word' id='word_1_70' title='bbox 712 1405 730 1462; x_wconf 80' lang='grc' dir='ltr'><em>γ</em></span> <span class='ocrx_word' id='word_1_71' title='bbox 766 1381 923 1446; x_wconf 83' lang='lat' dir='ltr'>consentit</span> <span class='ocrx_word' id='word_1_72' title='bbox 959 1404 1029 1446; x_wconf 90' lang='lat' dir='ltr'>cum</span> <span class='ocrx_word' id='word_1_73' title='bbox 1068 1383 1101 1446; x_wconf 91' lang='lat' dir='ltr'><em>F</em></span> <span class='ocrx_word' id='word_1_74' title='bbox 1135 1387 1180 1464; x_wconf 88' lang='lat' dir='ltr'>(et</span> <span class='ocrx_word' id='word_1_75' title='bbox 1210 1383 1257 1468; x_wconf 78' lang='lat' dir='ltr'>t):</span> <span class='ocrx_word' id='word_1_76' title='bbox 1300 1385 1319 1448; x_wconf 81' lang='lat'><strong>1</strong></span> 
     </span>
     <span class='ocr_line' id='line_1_10' title="bbox 182 1487 1317 1555; baseline 0.005 -7"><span class='ocrx_word' id='word_1_77' title='bbox 182 1489 298 1550; x_wconf 83' lang='lat'><strong>8-13.</strong></span> <span class='ocrx_word' id='word_1_78' title='bbox 325 1489 460 1550; x_wconf 74' lang='lat'><strong>15-18.</strong></span> <span class='ocrx_word' id='word_1_79' title='bbox 485 1489 535 1550; x_wconf 79' lang='grc'><strong>24.</strong></span> <span class='ocrx_word' id='word_1_80' title='bbox 559 1489 697 1551; x_wconf 69' lang='lat'><strong>30-33.</strong></span> <span class='ocrx_word' id='word_1_81' title='bbox 724 1489 861 1551; x_wconf 85' lang='lat'><strong>35—38.</strong></span> <span class='ocrx_word' id='word_1_82' title='bbox 899 1487 933 1551; x_wconf 85' lang='grc' dir='ltr'>ΙΙ</span> <span class='ocrx_word' id='word_1_83' title='bbox 958 1491 986 1552; x_wconf 90' lang='lat'>3.</span> <span class='ocrx_word' id='word_1_84' title='bbox 1011 1494 1041 1554; x_wconf 80' lang='lat'>4.</span> <span class='ocrx_word' id='word_1_85' title='bbox 1059 1493 1086 1553; x_wconf 89' lang='grc'>6,</span> <span class='ocrx_word' id='word_1_86' title='bbox 1105 1493 1134 1554; x_wconf 89' lang='lat'>8.</span> <span class='ocrx_word' id='word_1_87' title='bbox 1152 1493 1179 1555; x_wconf 84' lang='lat'>9.</span> <span class='ocrx_word' id='word_1_88' title='bbox 1200 1493 1249 1555; x_wconf 84' lang='lat'>16.</span> <span class='ocrx_word' id='word_1_89' title='bbox 1268 1492 1317 1554; x_wconf 88' lang='grc'>18.</span> 
     </span>
     <span class='ocr_line' id='line_1_11' title="bbox 184 1587 1316 1673; baseline 0.002 -21"><span class='ocrx_word' id='word_1_90' title='bbox 184 1593 231 1652; x_wconf 80' lang='lat' dir='ltr'>li).</span> <span class='ocrx_word' id='word_1_91' title='bbox 253 1587 304 1652; x_wconf 90' lang='grc'>111</span> <span class='ocrx_word' id='word_1_92' title='bbox 328 1591 357 1652; x_wconf 88' lang='lat'>9.</span> <span class='ocrx_word' id='word_1_93' title='bbox 384 1592 518 1653; x_wconf 52' lang='lat'><strong>1149.</strong></span> <span class='ocrx_word' id='word_1_94' title='bbox 543 1592 593 1654; x_wconf 91' lang='lat' dir='ltr'>2l.</span> <span class='ocrx_word' id='word_1_95' title='bbox 618 1591 667 1652; x_wconf 92' lang='lat'>22.</span> <span class='ocrx_word' id='word_1_96' title='bbox 693 1591 742 1654; x_wconf 90' lang='lat'>27.</span> <span class='ocrx_word' id='word_1_97' title='bbox 789 1589 825 1673; x_wconf 88' lang='lat' dir='ltr'>b)</span> <span class='ocrx_word' id='word_1_98' title='bbox 851 1593 1008 1655; x_wconf 88' lang='lat' dir='ltr'>consentit</span> <span class='ocrx_word' id='word_1_99' title='bbox 1025 1613 1095 1655; x_wconf 95' lang='lat' dir='ltr'>cum</span> <span class='ocrx_word' id='word_1_100' title='bbox 1119 1592 1153 1655; x_wconf 87' lang='lat' dir='ltr'><em>F</em></span> <span class='ocrx_word' id='word_1_101' title='bbox 1174 1601 1206 1656; x_wconf 87' lang='grc'>11</span> <span class='ocrx_word' id='word_1_102' title='bbox 1229 1595 1316 1663; x_wconf 82' lang='lat' dir='ltr'>rita,</span> 
     </span>
     <span class='ocr_line' id='line_1_12' title="bbox 182 1693 1317 1776; baseline 0.004 -22"><span class='ocrx_word' id='word_1_103' title='bbox 182 1699 216 1755; x_wconf 92' lang='grc'>11</span> <span class='ocrx_word' id='word_1_104' title='bbox 239 1694 380 1756; x_wconf 85' lang='lat' dir='ltr'>divorsas</span> <span class='ocrx_word' id='word_1_105' title='bbox 403 1713 483 1776; x_wconf 85' lang='lat' dir='ltr'>quos</span> <span class='ocrx_word' id='word_1_106' title='bbox 508 1694 538 1756; x_wconf 94' lang='lat' dir='ltr'>hi</span> <span class='ocrx_word' id='word_1_107' title='bbox 562 1693 686 1756; x_wconf 86' lang='lat' dir='ltr'>codices</span> <span class='ocrx_word' id='word_1_108' title='bbox 710 1695 864 1776; x_wconf 73' lang='lat' dir='ltr'>praebent</span> <span class='ocrx_word' id='word_1_109' title='bbox 887 1705 979 1758; x_wconf 88' lang='lat' dir='ltr'>notas</span> <span class='ocrx_word' id='word_1_110' title='bbox 1008 1697 1193 1760; x_wconf 88' lang='lat' dir='ltr'>coniunctas</span> <span class='ocrx_word' id='word_1_111' title='bbox 1223 1696 1317 1760; x_wconf 90' lang='lat' dir='ltr'>ditto-</span> 
     </span>
     <span class='ocr_line' id='line_1_13' title="bbox 181 1796 1317 1881; baseline 0.004 -21"><span class='ocrx_word' id='word_1_112' title='bbox 181 1797 334 1880; x_wconf 83' lang='lat' dir='ltr'>graphiae</span> <span class='ocrx_word' id='word_1_113' title='bbox 358 1797 453 1860; x_wconf 91' lang='lat' dir='ltr'>modo</span> <span class='ocrx_word' id='word_1_114' title='bbox 478 1796 702 1881; x_wconf 83' lang='lat' dir='ltr'>(paraeneticc</span> <span class='ocrx_word' id='word_1_115' title='bbox 726 1799 773 1860; x_wconf 81' lang='lat' dir='ltr'>rel</span> <span class='ocrx_word' id='word_1_116' title='bbox 798 1798 1035 1881; x_wconf 86' lang='lat' dir='ltr'>symbnleuticc&#39;</span> <span class='ocrx_word' id='word_1_117' title='bbox 1066 1800 1151 1881; x_wconf 85' lang='lat' dir='ltr'>sim.)</span> <span class='ocrx_word' id='word_1_118' title='bbox 1184 1801 1317 1866; x_wconf 83' lang='lat' dir='ltr'>adiciat:</span> 
     </span>
     <span class='ocr_line' id='line_1_14' title="bbox 181 1899 1317 1969; baseline 0.005 -6"><span class='ocrx_word' id='word_1_119' title='bbox 181 1899 215 1963; x_wconf 94' lang='lat' dir='ltr'>II</span> <span class='ocrx_word' id='word_1_120' title='bbox 241 1903 268 1963; x_wconf 90' lang='lat'>7.</span> <span class='ocrx_word' id='word_1_121' title='bbox 298 1905 345 1964; x_wconf 86' lang='lat'>17.</span> <span class='ocrx_word' id='word_1_122' title='bbox 371 1904 421 1964; x_wconf 89' lang='grc'>20.</span> <span class='ocrx_word' id='word_1_123' title='bbox 467 1914 497 1965; x_wconf 84' lang='lat' dir='ltr'>ct</span> <span class='ocrx_word' id='word_1_124' title='bbox 521 1901 619 1965; x_wconf 87' lang='lat' dir='ltr'>semel</span> <span class='ocrx_word' id='word_1_125' title='bbox 642 1911 734 1964; x_wconf 82' lang='lat' dir='ltr'>notas</span> <span class='ocrx_word' id='word_1_126' title='bbox 758 1901 902 1964; x_wconf 88' lang='lat' dir='ltr'>codicum</span> <span class='ocrx_word' id='word_1_127' title='bbox 924 1905 983 1962; x_wconf 66' lang='lat' dir='ltr'>AB</span> <span class='ocrx_word' id='word_1_128' title='bbox 1006 1909 1036 1965; x_wconf 91' lang='lat' dir='ltr'>et</span> <span class='ocrx_word' id='word_1_129' title='bbox 1059 1901 1106 1965; x_wconf 75' lang='lat' dir='ltr'>Fr</span> <span class='ocrx_word' id='word_1_130' title='bbox 1131 1905 1317 1969; x_wconf 87' lang='lat' dir='ltr'>coniunctas</span> 
     </span>
     <span class='ocr_line' id='line_1_15' title="bbox 182 2003 1317 2087; baseline 0.004 -21"><span class='ocrx_word' id='word_1_131' title='bbox 182 2004 329 2087; x_wconf 89' lang='lat' dir='ltr'>praebet:</span> <span class='ocrx_word' id='word_1_132' title='bbox 352 2003 405 2067; x_wconf 89' lang='lat' dir='ltr'>III</span> <span class='ocrx_word' id='word_1_133' title='bbox 428 2007 477 2067; x_wconf 68' lang='grc'>21.</span> <span class='ocrx_word' id='word_1_134' title='bbox 524 2005 561 2082; x_wconf 87' lang='lat' dir='ltr'>d)</span> <span class='ocrx_word' id='word_1_135' title='bbox 584 2005 1152 2070; x_wconf 67' lang='grc'><strong>111111111111111111,1111111111</strong></span> <span class='ocrx_word' id='word_1_136' title='bbox 1182 2007 1241 2070; x_wconf 76' lang='lat' dir='ltr'>Fi:</span> <span class='ocrx_word' id='word_1_137' title='bbox 1264 2007 1317 2071; x_wconf 93' lang='lat' dir='ltr'>III</span> 
     </span>
     <span class='ocr_line' id='line_1_16' title="bbox 181 2107 1317 2194; baseline 0.006 -26"><span class='ocrx_word' id='word_1_138' title='bbox 181 2109 230 2170; x_wconf 89' lang='grc'>28.</span> <span class='ocrx_word' id='word_1_139' title='bbox 276 2107 306 2185; x_wconf 91' lang='grc'>1)</span> <span class='ocrx_word' id='word_1_140' title='bbox 337 2107 385 2170; x_wconf 86' lang='lat' dir='ltr'>bis</span> <span class='ocrx_word' id='word_1_141' title='bbox 407 2107 555 2172; x_wconf 86' lang='lat' dir='ltr'>dissentit</span> <span class='ocrx_word' id='word_1_142' title='bbox 578 2130 595 2170; x_wconf 87' lang='lat' dir='ltr'>a</span> <span class='ocrx_word' id='word_1_143' title='bbox 619 2109 732 2172; x_wconf 87' lang='lat' dir='ltr'>ceteris</span> <span class='ocrx_word' id='word_1_144' title='bbox 758 2108 935 2187; x_wconf 82' lang='lat' dir='ltr'>codicibus,</span> <span class='ocrx_word' id='word_1_145' title='bbox 959 2125 1031 2174; x_wconf 76' lang='lat' dir='ltr'>&#39;curn</span> <span class='ocrx_word' id='word_1_146' title='bbox 1063 2111 1195 2174; x_wconf 88' lang='lat' dir='ltr'>verbum</span> <span class='ocrx_word' id='word_1_147' title='bbox 1226 2131 1317 2194; x_wconf 84' lang='lat' dir='ltr'>grae·</span> 
     </span>
     <span class='ocr_line' id='line_1_17' title="bbox 180 2209 1316 2299; baseline 0.004 -26"><span class='ocrx_word' id='word_1_148' title='bbox 180 2209 325 2273; x_wconf 81' lang='lat' dir='ltr'>cenicum</span> <span class='ocrx_word' id='word_1_149' title='bbox 348 2209 508 2274; x_wconf 88' lang='lat' dir='ltr'>diversum</span> <span class='ocrx_word' id='word_1_150' title='bbox 531 2213 699 2294; x_wconf 84' lang='lat' dir='ltr'>praebeat:</span> <span class='ocrx_word' id='word_1_151' title='bbox 723 2211 775 2274; x_wconf 88' lang='lat' dir='ltr'>III</span> <span class='ocrx_word' id='word_1_152' title='bbox 798 2214 839 2274; x_wconf 90' lang='grc'>23</span> <span class='ocrx_word' id='word_1_153' title='bbox 863 2214 916 2274; x_wconf 93' lang='lat' dir='ltr'>ubi</span> <span class='ocrx_word' id='word_1_154' title='bbox 941 2234 1013 2276; x_wconf 93' lang='lat' dir='ltr'>cum</span> <span class='ocrx_word' id='word_1_155' title='bbox 1034 2213 1081 2276; x_wconf 75' lang='lat' dir='ltr'>Fr</span> <span class='ocrx_word' id='word_1_156' title='bbox 1097 2213 1263 2299; x_wconf 72' lang='lat' dir='ltr'>discrepat,</span> <span class='ocrx_word' id='word_1_157' title='bbox 1283 2221 1316 2278; x_wconf 89' lang='grc'>11</span> 
     </span>
     <span class='ocr_line' id='line_1_18' title="bbox 181 2311 1316 2398; baseline 0.007 -24"><span class='ocrx_word' id='word_1_158' title='bbox 181 2311 214 2374; x_wconf 87' lang='grc'>11</span> <span class='ocrx_word' id='word_1_159' title='bbox 239 2315 257 2375; x_wconf 93' lang='grc'><strong>2</strong></span> <span class='ocrx_word' id='word_1_160' title='bbox 282 2313 336 2375; x_wconf 95' lang='lat' dir='ltr'>nbi</span> <span class='ocrx_word' id='word_1_161' title='bbox 359 2335 465 2398; x_wconf 88' lang='lat' dir='ltr'>neque</span> <span class='ocrx_word' id='word_1_162' title='bbox 490 2335 561 2377; x_wconf 91' lang='lat' dir='ltr'>cum</span> <span class='ocrx_word' id='word_1_163' title='bbox 587 2315 651 2376; x_wconf 84' lang='lat' dir='ltr'>AB</span> <span class='ocrx_word' id='word_1_164' title='bbox 673 2335 777 2398; x_wconf 90' lang='lat' dir='ltr'>neque</span> <span class='ocrx_word' id='word_1_165' title='bbox 796 2335 866 2378; x_wconf 90' lang='lat' dir='ltr'>oum</span> <span class='ocrx_word' id='word_1_166' title='bbox 884 2315 955 2379; x_wconf 76' lang='lat' dir='ltr'>Fir</span> <span class='ocrx_word' id='word_1_167' title='bbox 971 2317 1054 2382; x_wconf 83' lang='lat' dir='ltr'>facit.</span> <span class='ocrx_word' id='word_1_168' title='bbox 1101 2317 1133 2397; x_wconf 82' lang='grc'>1)</span> <span class='ocrx_word' id='word_1_169' title='bbox 1160 2319 1205 2382; x_wconf 91' lang='lat' dir='ltr'>his</span> <span class='ocrx_word' id='word_1_170' title='bbox 1228 2319 1316 2382; x_wconf 86' lang='lat' dir='ltr'>solus</span> 
     </span>
     <span class='ocr_line' id='line_1_19' title="bbox 181 2416 1316 2504; baseline 0.009 -28"><span class='ocrx_word' id='word_1_171' title='bbox 181 2416 416 2500; x_wconf 76' lang='lat' dir='ltr'>inscriptionem</span> <span class='ocrx_word' id='word_1_172' title='bbox 433 2419 651 2500; x_wconf 83' lang='lat' dir='ltr'>graecanicam</span> <span class='ocrx_word' id='word_1_173' title='bbox 669 2427 789 2482; x_wconf 82' lang='lat' dir='ltr'>servat:</span> <span class='ocrx_word' id='word_1_174' title='bbox 814 2419 848 2482; x_wconf 93' lang='lat' dir='ltr'>II</span> <span class='ocrx_word' id='word_1_175' title='bbox 867 2425 893 2482; x_wconf 89' lang='grc'>1.</span> <span class='ocrx_word' id='word_1_176' title='bbox 913 2425 961 2484; x_wconf 84' lang='grc'>14.</span> <span class='ocrx_word' id='word_1_177' title='bbox 1007 2419 1149 2504; x_wconf 88' lang='lat' dir='ltr'>Reliquis</span> <span class='ocrx_word' id='word_1_178' title='bbox 1164 2423 1242 2486; x_wconf 91' lang='lat' dir='ltr'>locis</span> <span class='ocrx_word' id='word_1_179' title='bbox 1263 2421 1316 2486; x_wconf 89' lang='lat' dir='ltr'>de·</span> 
     </span>
     <span class='ocr_line' id='line_1_20' title="bbox 180 2519 1075 2603; baseline 0.004 -21"><span class='ocrx_word' id='word_1_180' title='bbox 180 2528 253 2582; x_wconf 89' lang='lat' dir='ltr'>sunt</span> <span class='ocrx_word' id='word_1_181' title='bbox 278 2519 420 2603; x_wconf 87' lang='lat' dir='ltr'>epitheta</span> <span class='ocrx_word' id='word_1_182' title='bbox 445 2521 576 2584; x_wconf 80' lang='lat' dir='ltr'>Graeca.</span> <span class='ocrx_word' id='word_1_183' title='bbox 1072 2577 1075 2586; x_wconf 73' lang='lat'><strong>.</strong></span> 
     </span>
    </p>

    <p class='ocr_par' dir='ltr' id='par_1_4' title="bbox 180 2623 1317 3329">
     <span class='ocr_line' id='line_1_21' title="bbox 285 2623 1316 2690; baseline 0.006 -6"><span class='ocrx_word' id='word_1_184' title='bbox 285 2625 312 2686; x_wconf 88' lang='lat'>3.</span> <span class='ocrx_word' id='word_1_185' title='bbox 336 2623 385 2686; x_wconf 87' lang='lat' dir='ltr'>De</span> <span class='ocrx_word' id='word_1_186' title='bbox 401 2649 419 2686; x_wconf 87' lang='lat' dir='ltr'>r</span> <span class='ocrx_word' id='word_1_187' title='bbox 436 2623 544 2687; x_wconf 91' lang='lat' dir='ltr'>codice</span> <span class='ocrx_word' id='word_1_188' title='bbox 562 2625 639 2688; x_wconf 90' lang='lat' dir='ltr'>haec</span> <span class='ocrx_word' id='word_1_189' title='bbox 656 2625 814 2688; x_wconf 89' lang='lat' dir='ltr'>monenda</span> <span class='ocrx_word' id='word_1_190' title='bbox 831 2632 920 2688; x_wconf 87' lang='lat' dir='ltr'>sunt:</span> <span class='ocrx_word' id='word_1_191' title='bbox 937 2626 984 2690; x_wconf 89' lang='lat' dir='ltr'>his</span> <span class='ocrx_word' id='word_1_192' title='bbox 1006 2629 1164 2690; x_wconf 88' lang='lat' dir='ltr'>consentit</span> <span class='ocrx_word' id='word_1_193' title='bbox 1180 2645 1251 2690; x_wconf 92' lang='lat' dir='ltr'>cnm</span> <span class='ocrx_word' id='word_1_194' title='bbox 1268 2626 1316 2690; x_wconf 74' lang='lat' dir='ltr'>Fr</span> 
     </span>
     <span class='ocr_line' id='line_1_22' title="bbox 180 2721 1316 2815; baseline 0.004 -27"><span class='ocrx_word' id='word_1_195' title='bbox 180 2726 242 2805; x_wconf 73' lang='lat' dir='ltr'>(y):</span> <span class='ocrx_word' id='word_1_196' title='bbox 265 2725 317 2789; x_wconf 88' lang='lat'>12</span> <span class='ocrx_word' id='word_1_197' title='bbox 339 2726 347 2767; x_wconf 93' lang='lat'><strong>¹</strong></span> <span class='ocrx_word' id='word_1_198' title='bbox 372 2726 406 2789; x_wconf 92' lang='lat' dir='ltr'>II</span> <span class='ocrx_word' id='word_1_199' title='bbox 434 2731 453 2791; x_wconf 88' lang='lat'><strong>6</strong></span> <span class='ocrx_word' id='word_1_200' title='bbox 476 2728 606 2812; x_wconf 85' lang='lat' dir='ltr'>(quibus</span> <span class='ocrx_word' id='word_1_201' title='bbox 621 2729 699 2792; x_wconf 89' lang='lat' dir='ltr'>locis</span> <span class='ocrx_word' id='word_1_202' title='bbox 715 2729 803 2792; x_wconf 86' lang='lat' dir='ltr'>nulla</span> <span class='ocrx_word' id='word_1_203' title='bbox 820 2736 869 2793; x_wconf 91' lang='lat' dir='ltr'>est</span> <span class='ocrx_word' id='word_1_204' title='bbox 884 2730 1056 2794; x_wconf 89' lang='lat' dir='ltr'>lectionum</span> <span class='ocrx_word' id='word_1_205' title='bbox 1074 2721 1316 2815; x_wconf 81' lang='lat' dir='ltr'>discrepantia);</span> 
     </span>
     <span class='ocr_line' id='line_1_23' title="bbox 182 2829 1317 2915; baseline 0.004 -24"><span class='ocrx_word' id='word_1_206' title='bbox 182 2829 228 2891; x_wconf 89' lang='lat' dir='ltr'>bis</span> <span class='ocrx_word' id='word_1_207' title='bbox 251 2849 322 2892; x_wconf 92' lang='lat' dir='ltr'>cum</span> <span class='ocrx_word' id='word_1_208' title='bbox 341 2833 419 2892; x_wconf 78' lang='lat' dir='ltr'>AB:</span> <span class='ocrx_word' id='word_1_209' title='bbox 441 2830 492 2894; x_wconf 95' lang='grc' dir='ltr'>ΙΙΙ</span> <span class='ocrx_word' id='word_1_210' title='bbox 510 2833 550 2895; x_wconf 87' lang='grc'>25</span> <span class='ocrx_word' id='word_1_211' title='bbox 576 2838 607 2895; x_wconf 87' lang='grc'>11</span> <span class='ocrx_word' id='word_1_212' title='bbox 629 2831 922 2915; x_wconf 68' lang='lat' dir='ltr'>(contraFiyuitt)</span> <span class='ocrx_word' id='word_1_213' title='bbox 941 2833 1056 2898; x_wconf 75' lang='lat'><strong>11127.</strong></span> <span class='ocrx_word' id='word_1_214' title='bbox 1081 2833 1144 2898; x_wconf 80' lang='lat' dir='ltr'>&#39;Per</span> <span class='ocrx_word' id='word_1_215' title='bbox 1167 2855 1236 2897; x_wconf 89' lang='lat' dir='ltr'>eam</span> <span class='ocrx_word' id='word_1_216' title='bbox 1260 2855 1317 2896; x_wconf 95' lang='lat' dir='ltr'>no·</span> 
     </span>
     <span class='ocr_line' id='line_1_24' title="bbox 181 2933 1316 3020; baseline 0.004 -26"><span class='ocrx_word' id='word_1_217' title='bbox 181 2939 244 2994; x_wconf 88' lang='lat' dir='ltr'>tam</span> <span class='ocrx_word' id='word_1_218' title='bbox 269 2933 398 2998; x_wconf 84' lang='lat' dir='ltr'>exhibet</span> <span class='ocrx_word' id='word_1_219' title='bbox 423 2955 517 3018; x_wconf 84' lang='lat' dir='ltr'>quam</span> <span class='ocrx_word' id='word_1_220' title='bbox 540 2941 700 3020; x_wconf 82' lang='lat' dir='ltr'>tamquam</span> <span class='ocrx_word' id='word_1_221' title='bbox 726 2935 845 2998; x_wconf 86' lang='lat' dir='ltr'>uariam</span> <span class='ocrx_word' id='word_1_222' title='bbox 869 2936 1039 3000; x_wconf 87' lang='lat' dir='ltr'>lectionem</span> <span class='ocrx_word' id='word_1_223' title='bbox 1064 2945 1155 3000; x_wconf 87' lang='lat' dir='ltr'>notat</span> <span class='ocrx_word' id='word_1_224' title='bbox 1178 2959 1210 3019; x_wconf 83' lang='lat' dir='ltr'>y:</span> <span class='ocrx_word' id='word_1_225' title='bbox 1236 2937 1270 3000; x_wconf 91' lang='lat' dir='ltr'>II</span> <span class='ocrx_word' id='word_1_226' title='bbox 1289 2940 1316 3001; x_wconf 91' lang='lat'>7.</span> 
     </span>
     <span class='ocr_line' id='line_1_25' title="bbox 184 3037 1317 3119; baseline 0.004 -20"><span class='ocrx_word' id='word_1_227' title='bbox 184 3039 230 3100; x_wconf 92' lang='lat' dir='ltr'>l7.</span> <span class='ocrx_word' id='word_1_228' title='bbox 266 3039 316 3100; x_wconf 88' lang='grc'><strong>20.</strong></span> <span class='ocrx_word' id='word_1_229' title='bbox 373 3037 479 3101; x_wconf 84' lang='lat' dir='ltr'>Semel</span> <span class='ocrx_word' id='word_1_230' title='bbox 510 3038 656 3102; x_wconf 86' lang='lat' dir='ltr'>dissentit</span> <span class='ocrx_word' id='word_1_231' title='bbox 687 3039 727 3102; x_wconf 89' lang='lat' dir='ltr'>ab</span> <span class='ocrx_word' id='word_1_232' title='bbox 757 3037 826 3119; x_wconf 79' lang='lat' dir='ltr'>Fty</span> <span class='ocrx_word' id='word_1_233' title='bbox 862 3040 946 3104; x_wconf 90' lang='lat' dir='ltr'>inter</span> <span class='ocrx_word' id='word_1_234' title='bbox 982 3061 1016 3102; x_wconf 89' lang='lat' dir='ltr'>se</span> <span class='ocrx_word' id='word_1_235' title='bbox 1047 3039 1317 3104; x_wconf 87' lang='lat' dir='ltr'>consentientibus</span> 
     </span>
     <span class='ocr_line' id='line_1_26' title="bbox 181 3136 1317 3224; baseline 0.004 -24"><span class='ocrx_word' id='word_1_236' title='bbox 181 3136 231 3219; x_wconf 83' lang='lat'>(11</span> <span class='ocrx_word' id='word_1_237' title='bbox 255 3143 306 3221; x_wconf 73' lang='lat'>4);</span> <span class='ocrx_word' id='word_1_238' title='bbox 330 3142 428 3204; x_wconf 85' lang='lat' dir='ltr'>semel</span> <span class='ocrx_word' id='word_1_239' title='bbox 451 3143 538 3204; x_wconf 87' lang='lat' dir='ltr'>sotus</span> <span class='ocrx_word' id='word_1_240' title='bbox 562 3142 725 3224; x_wconf 87' lang='lat' dir='ltr'>epitheton</span> <span class='ocrx_word' id='word_1_241' title='bbox 750 3139 865 3204; x_wconf 83' lang='lat' dir='ltr'>hebet:</span> <span class='ocrx_word' id='word_1_242' title='bbox 891 3141 924 3205; x_wconf 82' lang='lat'>11</span> <span class='ocrx_word' id='word_1_243' title='bbox 951 3144 998 3205; x_wconf 82' lang='lat'>12.</span> <span class='ocrx_word' id='word_1_244' title='bbox 1046 3141 1161 3206; x_wconf 80' lang='lat' dir='ltr'>Cetera</span> <span class='ocrx_word' id='word_1_245' title='bbox 1177 3145 1317 3207; x_wconf 87' lang='lat' dir='ltr'>carmina</span> 
     </span>
     <span class='ocr_line' id='line_1_27' title="bbox 181 3245 670 3329; baseline 0.004 -23"><span class='ocrx_word' id='word_1_246' title='bbox 181 3251 289 3308; x_wconf 84' lang='lat' dir='ltr'>carent</span> <span class='ocrx_word' id='word_1_247' title='bbox 311 3245 513 3329; x_wconf 91' lang='lat' dir='ltr'>inscriptione</span> <span class='ocrx_word' id='word_1_248' title='bbox 537 3245 670 3308; x_wconf 80' lang='lat' dir='ltr'>Graeca.</span> 
     </span>
    </p>

    <p class='ocr_par' dir='ltr' id='par_1_5' title="bbox 179 3347 1315 3946">
     <span class='ocr_line' id='line_1_28' title="bbox 283 3347 1314 3435; baseline 0.005 -25"><span class='ocrx_word' id='word_1_249' title='bbox 283 3347 439 3412; x_wconf 85' lang='lat' dir='ltr'>Videmus</span> <span class='ocrx_word' id='word_1_250' title='bbox 470 3355 639 3432; x_wconf 89' lang='lat' dir='ltr'>utrumque</span> <span class='ocrx_word' id='word_1_251' title='bbox 669 3347 809 3411; x_wconf 90' lang='lat' dir='ltr'>codicem</span> <span class='ocrx_word' id='word_1_252' title='bbox 834 3355 907 3428; x_wconf 80' lang='lat' dir='ltr'>yet</span> <span class='ocrx_word' id='word_1_253' title='bbox 937 3375 954 3410; x_wconf 84' lang='grc' dir='ltr'><em>τ</em></span> <span class='ocrx_word' id='word_1_254' title='bbox 984 3349 1123 3412; x_wconf 89' lang='lat' dir='ltr'>medium</span> <span class='ocrx_word' id='word_1_255' title='bbox 1157 3351 1314 3435; x_wconf 89' lang='lat' dir='ltr'>quendam</span> 
     </span>
     <span class='ocr_line' id='line_1_29' title="bbox 179 3450 1315 3537; baseline 0.005 -25"><span class='ocrx_word' id='word_1_256' title='bbox 179 3450 283 3512; x_wconf 91' lang='lat' dir='ltr'>locum</span> <span class='ocrx_word' id='word_1_257' title='bbox 307 3459 417 3514; x_wconf 86' lang='lat' dir='ltr'>tenere</span> <span class='ocrx_word' id='word_1_258' title='bbox 439 3453 521 3516; x_wconf 88' lang='lat' dir='ltr'>inter</span> <span class='ocrx_word' id='word_1_259' title='bbox 544 3451 680 3515; x_wconf 85' lang='lat' dir='ltr'>familias</span> <span class='ocrx_word' id='word_1_260' title='bbox 702 3451 751 3514; x_wconf 77' lang='lat' dir='ltr'>Fr</span> <span class='ocrx_word' id='word_1_261' title='bbox 775 3459 807 3514; x_wconf 90' lang='grc'>11</span> <span class='ocrx_word' id='word_1_262' title='bbox 831 3453 907 3513; x_wconf 82' lang='lat' dir='ltr'>AB:</span> <span class='ocrx_word' id='word_1_263' title='bbox 933 3459 968 3514; x_wconf 91' lang='grc'>11</span> <span class='ocrx_word' id='word_1_264' title='bbox 986 3460 1091 3515; x_wconf 89' lang='lat' dir='ltr'>tamen</span> <span class='ocrx_word' id='word_1_265' title='bbox 1115 3474 1219 3537; x_wconf 85' lang='lat' dir='ltr'>neque</span> <span class='ocrx_word' id='word_1_266' title='bbox 1243 3475 1315 3518; x_wconf 85' lang='lat' dir='ltr'>curn</span> 
     </span>
     <span class='ocr_line' id='line_1_30' title="bbox 179 3553 1315 3640; baseline 0.004 -23"><span class='ocrx_word' id='word_1_267' title='bbox 179 3554 367 3617; x_wconf 76' lang='lat' dir='ltr'>alterautra</span> <span class='ocrx_word' id='word_1_268' title='bbox 390 3563 575 3619; x_wconf 87' lang='lat' dir='ltr'>constanter</span> <span class='ocrx_word' id='word_1_269' title='bbox 597 3553 716 3618; x_wconf 82' lang='lat' dir='ltr'>iaciant</span> <span class='ocrx_word' id='word_1_270' title='bbox 740 3563 772 3618; x_wconf 90' lang='lat' dir='ltr'>et</span> <span class='ocrx_word' id='word_1_271' title='bbox 788 3555 845 3617; x_wconf 92' lang='lat' dir='ltr'>sibi</span> <span class='ocrx_word' id='word_1_272' title='bbox 861 3557 990 3640; x_wconf 84' lang='lat' dir='ltr'>propria</span> <span class='ocrx_word' id='word_1_273' title='bbox 1008 3565 1143 3639; x_wconf 87' lang='lat' dir='ltr'>uterque</span> <span class='ocrx_word' id='word_1_274' title='bbox 1160 3577 1315 3622; x_wconf 92' lang='lat' dir='ltr'>nonnum-</span> 
     </span>
     <span class='ocr_line' id='line_1_31' title="bbox 179 3657 1315 3743; baseline 0.007 -25"><span class='ocrx_word' id='word_1_275' title='bbox 179 3675 272 3739; x_wconf 87' lang='lat' dir='ltr'>quam</span> <span class='ocrx_word' id='word_1_276' title='bbox 297 3657 423 3721; x_wconf 85' lang='lat' dir='ltr'>habeat.</span> <span class='ocrx_word' id='word_1_277' title='bbox 469 3659 644 3723; x_wconf 84' lang='lat' dir='ltr'>Praeterea</span> <span class='ocrx_word' id='word_1_278' title='bbox 669 3682 686 3740; x_wconf 79' lang='lat' dir='ltr'><em>y</em></span> <span class='ocrx_word' id='word_1_279' title='bbox 711 3680 781 3721; x_wconf 92' lang='lat' dir='ltr'>cum</span> <span class='ocrx_word' id='word_1_280' title='bbox 805 3660 836 3722; x_wconf 96' lang='lat' dir='ltr'>in</span> <span class='ocrx_word' id='word_1_281' title='bbox 860 3659 1040 3724; x_wconf 88' lang='lat' dir='ltr'>universum</span> <span class='ocrx_word' id='word_1_282' title='bbox 1058 3657 1091 3722; x_wconf 86' lang='lat' dir='ltr'><em>F</em></span> <span class='ocrx_word' id='word_1_283' title='bbox 1106 3661 1245 3743; x_wconf 79' lang='lat' dir='ltr'>pressius</span> <span class='ocrx_word' id='word_1_284' title='bbox 1265 3684 1315 3726; x_wconf 91' lang='lat' dir='ltr'>se·</span> 
     </span>
     <span class='ocr_line' id='line_1_32' title="bbox 180 3762 1315 3844; baseline 0.006 -22"><span class='ocrx_word' id='word_1_285' title='bbox 180 3767 305 3844; x_wconf 84' lang='lat' dir='ltr'>quatur,</span> <span class='ocrx_word' id='word_1_286' title='bbox 335 3762 500 3844; x_wconf 86' lang='lat' dir='ltr'>exemplar</span> <span class='ocrx_word' id='word_1_287' title='bbox 530 3762 647 3825; x_wconf 91' lang='lat' dir='ltr'>codicis</span> <span class='ocrx_word' id='word_1_288' title='bbox 678 3785 695 3824; x_wconf 85' lang='lat' dir='ltr'>r</span> <span class='ocrx_word' id='word_1_289' title='bbox 722 3762 824 3826; x_wconf 84' lang='lat' dir='ltr'>simite</span> <span class='ocrx_word' id='word_1_290' title='bbox 858 3762 1041 3826; x_wconf 78' lang='lat' dir='ltr'>adhibuisse</span> <span class='ocrx_word' id='word_1_291' title='bbox 1071 3769 1101 3825; x_wconf 89' lang='lat' dir='ltr'>et</span> <span class='ocrx_word' id='word_1_292' title='bbox 1131 3765 1217 3827; x_wconf 87' lang='lat' dir='ltr'>varia</span> <span class='ocrx_word' id='word_1_293' title='bbox 1240 3765 1315 3829; x_wconf 90' lang='lat' dir='ltr'>inde</span> 
     </span>
     <span class='ocr_line' id='line_1_33' title="bbox 179 3865 909 3946; baseline 0.001 -21"><span class='ocrx_word' id='word_1_294' title='bbox 179 3865 323 3946; x_wconf 87' lang='lat' dir='ltr'>epitheta</span> <span class='ocrx_word' id='word_1_295' title='bbox 346 3867 411 3928; x_wconf 90' lang='lat' dir='ltr'>suis</span> <span class='ocrx_word' id='word_1_296' title='bbox 434 3865 575 3929; x_wconf 87' lang='lat' dir='ltr'>iunxisse</span> <span class='ocrx_word' id='word_1_297' title='bbox 597 3865 722 3928; x_wconf 86' lang='lat' dir='ltr'>videtur</span> <span class='ocrx_word' id='word_1_298' title='bbox 746 3865 793 3928; x_wconf 87' lang='lat' dir='ltr'>his</span> <span class='ocrx_word' id='word_1_299' title='bbox 815 3866 909 3928; x_wconf 93' lang='lat' dir='ltr'>locis:</span> 
     </span>
    </p>

    <p class='ocr_par' dir='ltr' id='par_1_6' title="bbox 179 3967 1314 4156">
     <span class='ocr_line' id='line_1_34' title="bbox 283 3967 1314 4052; baseline 0.004 -22"><span class='ocrx_word' id='word_1_300' title='bbox 283 3967 316 4030; x_wconf 92' lang='lat' dir='ltr'>II</span> <span class='ocrx_word' id='word_1_301' title='bbox 338 3970 370 4031; x_wconf 91' lang='lat'>7:</span> <span class='ocrx_word' id='word_1_302' title='bbox 394 3968 587 4051; x_wconf 79' lang='lat' dir='ltr'>pragmatice</span> <span class='ocrx_word' id='word_1_303' title='bbox 603 3967 651 4032; x_wconf 78' lang='lat' dir='ltr'>Fr</span> <span class='ocrx_word' id='word_1_304' title='bbox 667 3968 912 4052; x_wconf 79' lang='lat' dir='ltr'>prosphonetico</span> <span class='ocrx_word' id='word_1_305' title='bbox 935 3993 952 4031; x_wconf 84' lang='lat' dir='ltr'>r</span> <span class='ocrx_word' id='word_1_306' title='bbox 974 3969 1229 4052; x_wconf 80' lang='lat' dir='ltr'>pragmatico</span> <span class='ocrx_word' id='word_1_307' title='bbox 1251 3971 1314 4034; x_wconf 86' lang='lat' dir='ltr'>vel</span> 
     </span>
     <span class='ocr_line' id='line_1_35' title="bbox 179 4073 554 4156; baseline 0.008 -22"><span class='ocrx_word' id='word_1_308' title='bbox 179 4073 503 4156; x_wconf 78' lang='lat' dir='ltr'>prosphonetico</span> <span class='ocrx_word' id='word_1_309' title='bbox 528 4099 554 4156; x_wconf 85' lang='lat' dir='ltr'>y.</span> 
     </span>
    </p>

    <p class='ocr_par' dir='ltr' id='par_1_7' title="bbox 283 4228 1313 4297">
     <span class='ocr_line' id='line_1_36' title="bbox 283 4228 1313 4297; baseline 0.001 -18"><span class='ocrx_word' id='word_1_310' title='bbox 283 4232 292 4266; x_wconf 81' lang='lat'>¹</span> <span class='ocrx_word' id='word_1_311' title='bbox 312 4232 482 4297; x_wconf 60' lang='lat' dir='ltr'>(Quamquam</span> <span class='ocrx_word' id='word_1_312' title='bbox 502 4247 534 4282; x_wconf 83' lang='lat' dir='ltr'>ex</span> <span class='ocrx_word' id='word_1_313' title='bbox 553 4229 657 4282; x_wconf 84' lang='lat' dir='ltr'>Kelleri</span> <span class='ocrx_word' id='word_1_314' title='bbox 682 4228 861 4290; x_wconf 69' lang='lat' dir='ltr'>adnotatione</span> <span class='ocrx_word' id='word_1_315' title='bbox 887 4229 1083 4294; x_wconf 79' lang='lat' dir='ltr'>„Proseucuoe</span> <span class='ocrx_word' id='word_1_316' title='bbox 1108 4231 1260 4283; x_wconf 85' lang='lat' dir='ltr'>tetracolos</span> <span class='ocrx_word' id='word_1_317' title='bbox 1278 4229 1313 4282; x_wconf 90' lang='lat' dir='ltr'>ad</span> 
     </span>
    </p>
   </div>
   <div class='ocr_carea' id='block_1_3' title="bbox 181 4314 1314 4470">
    <p class='ocr_par' dir='ltr' id='par_1_8' title="bbox 181 4314 1314 4470">
     <span class='ocr_line' id='line_1_37' title="bbox 181 4314 1314 4382; baseline 0.004 -16"><span class='ocrx_word' id='word_1_318' title='bbox 181 4317 331 4382; x_wconf 77' lang='lat' dir='ltr'>Augustum</span> <span class='ocrx_word' id='word_1_319' title='bbox 352 4317 393 4368; x_wconf 78' lang='lat' dir='ltr'>Fr</span> <span class='ocrx_word' id='word_1_320' title='bbox 411 4317 472 4382; x_wconf 84' lang='lat' dir='ltr'>(sed</span> <span class='ocrx_word' id='word_1_321' title='bbox 493 4318 518 4368; x_wconf 91' lang='lat' dir='ltr'>iu</span> <span class='ocrx_word' id='word_1_322' title='bbox 538 4321 743 4370; x_wconf 76' lang='lat' dir='ltr'>resonuerunt</span> <span class='ocrx_word' id='word_1_323' title='bbox 764 4317 896 4382; x_wconf 75' lang='lat' dir='ltr'>plurimae</span> <span class='ocrx_word' id='word_1_324' title='bbox 915 4314 1052 4374; x_wconf 75' lang='lat' dir='ltr'>litterae)“</span> <span class='ocrx_word' id='word_1_325' title='bbox 1080 4318 1123 4369; x_wconf 83' lang='lat' dir='ltr'>vel</span> <span class='ocrx_word' id='word_1_326' title='bbox 1149 4319 1177 4370; x_wconf 90' lang='lat' dir='ltr'>id</span> <span class='ocrx_word' id='word_1_327' title='bbox 1201 4319 1314 4370; x_wconf 87' lang='lat' dir='ltr'>addubi-</span> 
     </span>
     <span class='ocr_line' id='line_1_38' title="bbox 182 4397 981 4470; baseline -0.003 -19"><span class='ocrx_word' id='word_1_328' title='bbox 182 4402 233 4453; x_wconf 83' lang='lat' dir='ltr'>tori</span> <span class='ocrx_word' id='word_1_329' title='bbox 252 4407 352 4470; x_wconf 83' lang='lat' dir='ltr'>potest,</span> <span class='ocrx_word' id='word_1_330' title='bbox 371 4419 434 4453; x_wconf 90' lang='lat' dir='ltr'>num</span> <span class='ocrx_word' id='word_1_331' title='bbox 454 4407 520 4454; x_wconf 86' lang='lat' dir='ltr'>nota</span> <span class='ocrx_word' id='word_1_332' title='bbox 539 4397 744 4468; x_wconf 81' lang='lat' dir='ltr'>„proseuctice“</span> <span class='ocrx_word' id='word_1_333' title='bbox 764 4400 790 4451; x_wconf 92' lang='lat' dir='ltr'>in</span> <span class='ocrx_word' id='word_1_334' title='bbox 812 4423 828 4453; x_wconf 83' lang='lat' dir='ltr'>r</span> <span class='ocrx_word' id='word_1_335' title='bbox 846 4400 981 4452; x_wconf 86' lang='lat' dir='ltr'>tradatur.</span> 
     </span>
    </p>
   </div>
   <div class='ocr_carea' id='block_1_4' title="bbox 0 0 1624 4930">
    <p class='ocr_par' dir='ltr' id='par_1_9' title="bbox 0 0 1624 4930">
     <span class='ocr_line' id='line_1_39' title="bbox 0 0 1624 4930; baseline 0 1"><span class='ocrx_word' id='word_1_336' title='bbox 0 0 1624 4930; x_wconf 95' lang='lat' dir='ltr'> </span> 
     </span>
    </p>
   </div>
  </div>
 </body>
</html>
