3258 4924
755 504 966 568 ..23-

293 695 346 778 (of.
372 696 468 761 etiam
491 687 614 761 eeteros
638 715 748 759 versus
770 693 845 759 inde
867 693 908 759 ab
931 687 1056 775 dotare,
1079 715 1160 780 quos
1177 693 1321 761 Koehler
1340 695 1433 760 resti·

167 841 171 859 ,
291 797 376 880 tuit),
417 799 592 880 Prytanise
621 798 753 884 eiusque
781 799 905 863 numeri
935 791 1130 863 restitutioni
1161 799 1299 885 spatium
1324 797 1433 862 datum

292 911 341 968 est
361 905 398 966 14
413 901 600 966 litterarum.
629 899 723 974 Quod
739 901 785 965 ita
808 907 931 966 tantum
954 907 1042 965 reete
1059 922 1093 964 se
1116 901 1222 979 habet,
1248 907 1284 965 ut
1300 901 1433 966 Leontio

291 1005 341 1071 vel
355 1004 487 1070 Aeantis
511 1007 546 1082 (9
559 1001 634 1088 litt.)
657 1009 751 1069 sexta
767 1003 819 1088 (5)
836 1003 984 1090 prytanis
996 1003 1107 1067 funeta
1119 1023 1189 1067 esse
1206 1011 1354 1089 ponatur,
1377 1011 1434 1068 aut

291 1107 411 1190 Aegeis
434 1108 487 1172 rel
511 1107 629 1173 Oeneis
652 1107 702 1189 (8)
733 1108 834 1192 prima
856 1107 906 1173 vel
936 1107 1031 1172 tertia
1064 1108 1113 1172 vel
1137 1115 1251 1172 octava
1275 1108 1326 1172 vel
1348 1129 1434 1173 nona

293 1207 329 1291 (6
360 1211 435 1295 litt.)
481 1211 525 1276 Hi
548 1213 644 1296 igitur
665 1231 793 1276 menses
824 1211 884 1276 ooli
906 1213 938 1276 in
969 1231 1100 1277 oeusum
1129 1213 1279 1278 ueniunt:
1303 1213 1329 1276 si
1346 1212 1434 1296 ἕκτης

293 1315 473 1396 πρυτανιίας
499 1313 661 1390 scribitur,
692 1313 855 1379 Posideou
892 1313 958 1396 (vei
988 1313 1151 1380 Posideon
1178 1313 1212 1378 II
1238 1335 1267 1378 a.
1294 1314 1433 1396 intere.);

293 1417 320 1480 si
349 1416 487 1501 πρώτης,
522 1417 786 1482 Ideoatombaeon
821 1417 889 1496 (vel
922 1417 1161 1502 Metagitnionis
1194 1417 1260 1483 dies
1297 1421 1376 1482 i-3
1406 1439 1434 1481 a,

293 1521 433 1602 intere.);
456 1521 483 1585 si
506 1521 630 1605 τρίτης,
659 1521 876 1588 Boddromion
907 1522 979 1602 (vel
1000 1522 1235 1608 Pyanopsionis
1258 1521 1327 1586 dies
1355 1525 1434 1584 1-8

294 1644 322 1687 a.
345 1623 487 1704 intere.);
516 1625 542 1688 si
564 1622 692 1708 ὀγδόης,
722 1625 951 1690 Anthesterion
981 1621 1049 1707 (vel
1079 1624 1273 1688 Gamelionis
1303 1622 1369 1688 dies
1394 1625 1433 1686 18

298 1762 323 1770 -
339 1729 380 1790 30
402 1747 428 1792 a.
451 1726 592 1807 interei3
625 1728 652 1792 si
674 1725 801 1809 ἐνάτης,
831 1727 1066 1812 Elaphebolion
1089 1726 1153 1808 (vel
1176 1726 1432 1791 Anthesterionis

295 1829 362 1894 diss
374 1831 500 1896 20-29
519 1851 548 1894 a.
566 1832 698 1912 intere).
738 1829 938 1896 Posteriores
957 1836 1109 1914 quattuor
1128 1831 1296 1913 prytaniae
1323 1851 1434 1894 omnes

294 1931 473 1998 reiciendae
496 1941 580 2014 sunt,
606 1935 681 2018 quia
702 1932 935 2017 respondentes
959 1933 1115 1998 mensium
1138 1932 1206 1996 dies
1229 1953 1301 1996 oum
1324 1933 1434 2016 spatiis

295 2039 354 2114 (28
387 2035 464 2121 litt.)
506 2037 593 2102 nullo
634 2036 729 2100 modo
775 2037 994 2118 consentiunt,
1039 2035 1215 2122 eadamque
1254 2035 1294 2101 de
1337 2057 1435 2101 eausa

295 2141 511 2206 Posideonem
535 2138 569 2204 Π
592 2161 712 2225 ponere
734 2159 799 2205 non
822 2141 905 2206 lioet.
950 2139 1046 2206 Solus
1068 2139 1166 2225 igitur
1183 2146 1283 2224 aptus
1307 2148 1357 2205 est
1380 2141 1434 2225 qui

294 2250 433 2329 ponatur
462 2243 641 2326 Posideon‚
676 2244 743 2308 dies
773 2251 880 2308 autem
910 2243 973 2308 fuit
1000 2242 1146 2327 ἑνδεκάτη
1173 2250 1229 2308 aut
1259 2242 1435 2327 δωδεκάτης

296 2349 443 2434 prytanio
465 2349 597 2414 Leontis
628 2355 682 2412 aut
706 2349 840 2414 Aeantis
862 2355 970 2427 aexta3
1003 2368 1105 2412 annus
1129 2349 1315 2412 eommunis.
1363 2347 1435 2420 Qua

295 2472 330 2515 re
353 2452 567 2534 confirmatur,
592 2451 677 2538 quod
701 2451 847 2518 Koehler
875 2453 939 2516 iam
970 2451 1040 2516 aliis
1064 2451 1103 2516 de
1127 2451 1230 2516 causis
1253 2452 1435 2536 suspicatus

296 2561 375 2637 erat,
399 2577 429 2619 v.
447 2559 461 2620 1
480 2577 597 2622 nomen
612 2556 773 2622 archontis
790 2576 855 2621 non
870 2555 970 2620 fuisse
985 2552 1202 2638 Καλλιμήδης,
1227 2554 1316 2618 euius
1332 2574 1435 2618 annus

296 2665 365 2724 erat
388 2659 592 2724 intercalaris.

803 2923 834 2965 n.
858 2903 930 2964 344.

401 3072 437 3140 in
461 3097 490 3138 v.
512 3075 533 3136 4
556 3075 624 3140 sine
646 3073 745 3140 dubio
758 3073 1029 3158 Ἑλ[αφηδολιιῦνος
1045 3077 1077 3136 ot
1093 3091 1120 3135 v.
1138 3073 1157 3136 2
1180 3068 1321 3153 δ]εκάτης
1343 3070 1436 3137 resti·

296 3177 452 3242 tuendum
475 3184 542 3261 θεὶς
565 3199 594 3242 r.
618 3182 636 3244 5
660 3176 848 3260 intepidum
894 3177 1039 3262 Spatium
1068 3175 1150 3238 inter
1175 3171 1436 3258 Ἐλαφηβολιῶνος

297 3289 330 3346 et
352 3279 517 3360 ἱσταμένου
546 3281 713 3366 augustius
744 3301 814 3346 esse
845 3301 911 3345 non
940 3285 1049 3365 potest
1078 3281 1097 3344 5
1128 3279 1186 3344 litt.
1221 3277 1320 3362 (ἓκτηι
1351 3278 1437 3342 enim

296 3395 449 3451 numerus
474 3385 679 3451 brevissimus
702 3383 767 3462 esti
795 3404 899 3468 neque
930 3383 1066 3471 amplius
1097 3387 1116 3447 6
1150 3381 1281 3462 litteris,
1315 3379 1437 3464 absque

299 3511 362 3574 quo
393 3490 425 3553 in
460 3509 490 3553 v.
520 3491 539 3552 2
569 3488 663 3556 sedes
693 3509 758 3552 una
787 3507 888 3553 vaona
919 3488 1029 3552 relicta
1067 3492 1152 3552 esset
1185 3482 1437 3568 (Ιπποδιιιντίδος

298 3593 383 3657 enim
406 3613 522 3656 nomen
550 3593 702 3679 plurimas
732 3592 855 3657 litteras
888 3588 1054 3672 eontinet).
1100 3587 1293 3652 Demetioon
1314 3586 1437 3652 scribae

297 3697 396 3782 igitur
419 3719 476 3782 per
500 3695 722 3782 compendium
737 3697 888 3783 seriptum
905 3701 973 3759 erat
990 3693 1115 3756 duabus
1132 3692 1185 3756 vel
1201 3692 1301 3756 tribus
1324 3691 1437 3754 littoris

299 3807 457 3866 constans.
508 3800 642 3878 Primae
671 3800 783 3865 deeadi
812 3795 1074 3883 Elaphebolionis
1108 3794 1226 3859 mensis
1264 3793 1438 3879 respondet

298 3925 381 3968 anno
406 3905 565 3968 communi
589 3903 656 3968 dies
682 3906 786 3968 1-10
810 3899 977 3988 prytaniae
1001 3919 1123 3979 nonae,
1148 3919 1232 3962 anuo
1256 3898 1438 3962 interoalari

302 4008 428 4071 11-20
457 4007 625 4092 prytaniae
654 4027 767 4072 nonae.
820 4004 935 4090 Itaque
965 4009 1021 4066 aut
1050 4001 1162 4065 titulus
1186 4019 1250 4064 non
1274 4007 1359 4065 reete
1383 4022 1438 4064 ex·

299 4112 435 4196 scriptus
458 4117 506 4175 est
528 4109 670 4194 (-εκα’της
696 4131 723 4172 v.
747 4112 767 4173 2
788 4129 846 4196 pro
874 4104 1016 4190 ἐνάτης),
1046 4105 1132 4191 quod
1157 4104 1210 4168 vix
1238 4103 1438 4184 sumendum,

299 4222 355 4280 aut
377 4223 556 4300 temporum
580 4215 659 4280 ratio
683 4235 748 4278 non
771 4212 832 4276 fuit
855 4211 950 4276 solite
972 4217 1004 4276 et
1021 4207 1189 4274 ordinaria.
1237 4209 1437 4294 Quamquam

300 4320 326 4386 si
349 4320 457 4404 cyolus
473 4318 611 4384 Metonis
633 4318 666 4380 in
689 4339 748 4382 usu
772 4324 851 4397 erat,
876 4335 1015 4399 quonam
1037 4311 1133 4378 modo
1146 4313 1215 4378 fieri
1229 4313 1381 4396 potuerit,
1402 4317 1438 4375 ut

298 4434 479 4506 temporum
502 4423 582 4486 ratio
606 4421 687 4486 adeo
708 4419 959 4506 perturbaretur,
982 4419 1052 4482 iure
1077 4417 1267 4504 quaerimus.
