3274 4934
692 407 906 468 „29-

229 573 314 638 inter
325 571 483 639 ἐλθοίσαι
500 581 532 640 et
546 569 644 641 αὗται
659 577 792 642 incisam
809 578 999 643 Latronnius
1015 585 1047 644 et
1059 579 1214 645 Francius
1228 579 1268 662 T,
1289 581 1369 646 Kai-

231 676 282 743 bel
302 675 332 762 Γ
350 678 521 745 dederunt:
543 680 575 744 in
593 679 699 765 lapide
715 687 822 747 autem
838 681 945 749 littera
960 682 1097 748 rotunda
1112 681 1253 749 dilucide
1268 705 1370 770 appa-

236 787 301 863 ret,
321 803 404 864 quae
420 783 521 848 Saltio
538 781 570 846 0
584 803 673 866 esse,
701 784 730 849 C
748 783 856 869 potius
871 793 907 851 ul
921 785 1037 871 Lepsia
1059 787 1104 852 ila
1120 787 1197 852 mibi
1213 789 1285 853 visa
1303 796 1369 854 est:

230 891 342 950 utnon
358 885 499 952 dubitem
516 889 625 970 legere
642 885 799 953 ἐλθοίσαι
816 882 844 952 u'
863 884 963 954 eiiam
979 890 1000 954 i.
1017 911 1045 956 e.
1062 891 1090 956 ei
1108 891 1269 974 (Sabinae)
1288 913 1371 976 quae

230 988 273 1054 ad
299 997 330 1056 te
361 991 581 1076 (Memnonem)
615 991 714 1058 veuit.
761 993 910 1060 Ceterum
940 993 1039 1060 verba
1065 984 1149 1076 ἆχον
1170 993 1203 1082 l'p
1230 997 1371 1062 Balbilla

228 1094 326 1160 etiam
342 1097 444 1161 allero
467 1097 536 1161 loco
552 1097 647 1162 Kaib.
667 1117 699 1162 n.
718 1100 781 1161 9th
798 1117 829 1162 v.
848 1099 867 1162 8
892 1098 1013 1164 iunxit:
1040 1099 1101 1164 uisi
1122 1100 1206 1184 quod
1228 1100 1284 1166 illo
1300 1102 1369 1166 loeo

227 1199 322 1265 tertia
337 1220 475 1285 persona
495 1200 692 1286 imperiecti‚
718 1200 778 1266 hoc
801 1201 903 1267 forma
926 1202 1048 1268 aeolica
1064 1202 1240 1288 eademque
1262 1204 1369 1270 dorica

228 1303 411 1389 imperativi
431 1307 472 1388 (v.
491 1304 616 1371 Absens
633 1305 718 1370 Dial.
734 1305 749 1368 l
765 1326 796 1390 p.
813 1309 884 1370 llll.
895 1307 927 1371 Il
941 1327 973 1390 p.
988 1309 1061 1392 314)
1080 1308 1288 1390 agnoscenda
1306 1317 1365 1374 est.

314 1409 382 1472 Ista
402 1428 478 1474 vero
501 1407 639 1474 lectione
662 1408 796 1494 probata
817 1415 849 1474 et
864 1427 947 1491 quae
973 1417 1150 1494 sequuntur
1169 1408 1214 1498 μὴ
1238 1415 1295 1476 καί
1317 1435 1367 1477 τοι

226 1512 386 1591 pauitans
401 1515 520 1596 κοτέσῃ
544 1517 605 1578 cet.
624 1511 741 1596 optime
761 1511 920 1594 quadrant
939 1511 982 1576 ad
1004 1512 1227 1597 imperativum
1243 1521 1276 1579 et
1297 1537 1328 1580 v.
1348 1522 1366 1580 5

226 1615 258 1680 in
275 1614 336 1681 line
351 1613 495 1681 Kaibelii
511 1616 768 1701 supplementum
786 1613 824 1678 αἲ
845 1614 904 1693 fot
919 1614 1086 1680 refellitur.
1121 1615 1222 1695 Quem
1239 1639 1366 1683 versum

226 1717 361 1804 Lepslus
377 1725 462 1784 reete
476 1717 609 1784 tradidit
625 1715 727 1803 ἕράτα
749 1713 868 1803 μόρφα
890 1715 1088 1805 βασιλήιόος
1112 1713 1232 1801 duplus.
1279 1722 1367 1800 Quo-

225 1841 294 1886 rum
311 1822 476 1888 verborum
498 1821 688 1888 senteutiam
711 1821 774 1886 iam
799 1841 897 1906 supra
912 1821 961 1887 ad
984 1821 1027 1904 B,
1057 1825 1095 1884 17
1118 1823 1362 1908 explicavimus.

224 1927 329 2008 Atque
351 1946 392 1992 ca
414 1945 477 1991 non
500 1926 540 1992 de
557 1927 657 1991 Acma
677 1925 786 1990 neseio
801 1945 864 2007 qvia
879 1924 1008 1990 Balbilli
1026 1932 1144 2006 matre,
1172 1926 1231 1992 sed
1247 1927 1286 1992 de
1302 1927 1362 1992 Sa-

225 2029 300 2095 bina
322 2031 469 2114 Auguste
489 2029 669 2115 praedicari
692 2029 752 2095 hoc
774 2027 903 2110 quidem
925 2029 995 2094 loeo
1019 2037 1109 2095 extra
1133 2029 1362 2098 dubitationem

224 2133 360 2217 positum
377 2140 436 2200 est.
485 2133 651 2219 Exemplis
672 2139 776 2198 antem
800 2131 979 2198 dativorum
1003 2127 1105 2218 αὔγαι
1127 2133 1223 2198 Keib.
1249 2155 1280 2199 n.
1300 2138 1363 2198 990

224 2257 254 2302 v.
278 2243 309 2320 l,
338 2242 430 2303 σκίαι
451 2238 495 2304 ib.
513 2261 545 2306 v.
564 2241 597 2320 6,
626 2233 807 2301 στάλαιίἰ).
828 2241 880 2316 10,
910 2233 1068 2301 &idolum
1092 2232 1207 2318 adrat,
1234 2259 1265 2302 n.
1285 2241 1358 2316 989,

224 2362 253 2406 v.
280 2347 317 2424 4,
345 2340 463 2429 ἒράται
484 2346 648 2424 Supinum
671 2361 704 2406 n.
723 2341 785 2405 988
809 2361 840 2405 v.
859 2341 895 2422 3,
922 2339 1037 2423 quibus
1059 2341 1205 2408 omnibus
1221 2341 1286 2407 iota
1303 2341 1363 2408 da·

222 2445 279 2510 tivi
302 2445 446 2526 additur,
473 2467 544 2512 cum
568 2445 718 2531 probetur
740 2440 842 2530 ἐράτα
872 2440 991 2530 μόρφα
1020 2444 1249 2512 nominativum
1274 2465 1356 2523 esse,

222 2551 353 2616 verbum
368 2550 492 2616 finitum
503 2550 535 2616 in
547 2549 662 2615 litteris
677 2549 706 2612 Π
719 2543 812 2610 rue
823 2545 831 2610 Ι
842 2545 961 2611 ΓΛΙΟ
977 2547 1078 2613 latere
1090 2546 1285 2615 censendum
1297 2557 1357 2615 est.

223 2653 362 2730 Quorum
379 2660 414 2719 ut
429 2653 524 2720 lectio
539 2659 627 2718 certa
641 2652 687 2718 ita
699 2649 891 2734 significatio
903 2651 1000 2735 plane
1012 2651 1147 2716 obscura
1161 2657 1219 2716 est.
1240 2651 1360 2730 Quam-

220 2777 317 2838 quam
339 2757 484 2822 ultimam
507 2754 691 2822 litteramC
712 2775 769 2840 pro
789 2753 972 2820 accusativo
994 2754 1189 2839 pronominis
1214 2757 1272 2840 (σε’)
1300 2757 1360 2822 ba-

221 2860 358 2926 bendum
386 2880 458 2928 asse
484 2860 606 2945 pariter
631 2867 728 2941 atque
755 2859 788 2923 in
814 2858 957 2943 proximo
983 2877 1078 2924 versu
1100 2860 1265 2944 probabile
1289 2869 1354 2927 est:

221 2967 330 3029 σέπτα
353 2985 409 3050 pro
426 2958 458 3029 u'
485 2961 588 3050 ἐράτα
610 2983 778 3049 perperam
794 2963 917 3028 Bailius
932 2962 1023 3028 dedit
1037 2965 1260 3048 persuasitque
1276 2965 1358 3030 Kai-

220 3067 313 3134 belio.
347 3069 416 3134 Nec
437 3068 595 3154 particula
617 3064 680 3152 γάρ
706 3087 801 3149 quarn
816 3065 954 3132 editores
981 3073 1056 3132 ante
1074 3065 1104 3131 C
1119 3066 1201 3133 illud
1216 3089 1359 3152 agnove-

219 3181 291 3238 runt
306 3173 399 3238 modo
422 3179 536 3258 ectypo
552 3171 809 3256 comprobaretur
828 3171 938 3256 inepta
959 3175 1061 3236 esset:
1087 3171 1206 3256 quippe
1222 3191 1303 3254 qua,
1323 3181 1357 3237 ut

219 3295 316 3362 saepe
328 3277 373 3357 fit,
385 3283 459 3342 ante
468 3275 693 3361 imperativum
705 3275 931 3358 subsequentis
943 3273 1174 3340 adhortationis
1186 3275 1268 3340 ratio
1280 3295 1357 3341 con-

217 3379 366 3445 tiueatur.
407 3381 523 3445 Verum
551 3377 609 3444 bas
635 3397 730 3442 voces
758 3383 922 3462 cormptas
948 3396 1020 3442 esse
1049 3383 1199 3442 exaratas
1227 3377 1356 3444 facilius

218 3489 340 3566 statuas
362 3503 457 3566 quam
482 3481 679 3567 probabilem
703 3479 959 3546 emendationem
982 3481 1238 3565 proposueris¹):
1272 3503 1356 3563 quae

218 3585 319 3653 donec
334 3587 556 3668 iuventamn,
583 3605 623 3650 ne
640 3584 681 3650 de
695 3585 753 3650 illo
768 3583 898 3666 quidem
914 3583 1087 3664 constabit,
1115 3589 1219 3648 utrum
1240 3584 1282 3649 ab
1306 3586 1356 3650 bis

151 3667 158 3682 ‘
217 3691 345 3758 nemum
362 3691 468 3772 veturs
482 3689 603 3774 auoqur
618 3689 819 3754 Memnonem
836 3688 978 3772 coepero
995 3687 1134 3752 nuruiua
1148 3707 1190 3752 an
1206 3688 1247 3753 au
1265 3687 1356 3755 inno

217 3795 379 3862 carminis.
765 3877 795 3943 D

301 4001 338 4068 Ο.
363 4001 389 4066 Ι.
416 4000 455 4066 G.
483 4003 565 4065 4727
594 3999 666 4064 coll.
693 3997 778 4065 Add.
808 3999 857 4063 Ill
879 4019 910 4083 p.
940 4000 1033 4062 1202.
1070 3997 1187 4064 Kaibel
1215 4021 1245 4065 n.
1276 4003 1350 4066 988.

217 4105 352 4190 Ιιεριίιιι
367 4105 412 4171 Vl
427 4106 491 4170 tub.
513 4106 552 4168 78
569 4104 623 4168 Gr.
644 4106 696 4166 ul.

288 4281 304 4346 ¹)
326 4278 389 4334 lion
407 4279 477 4332 satis
496 4277 608 4346 placent
625 4291 699 4345 quaa
717 4271 915 4344 temptavimus
935 4273 1058 4330 servatis
1071 4273 1164 4342 quoad
1181 4273 1240 4329 lieri
1260 4281 1357 4344 posset

216 4365 349 4420 ductibus
368 4363 479 4420 traditis
499 4357 589 4431 ἤνωγ’
610 4358 644 4434 ἄρ
667 4358 692 4412 o'
715 4361 759 4414 vel
778 4358 846 4425 ἢιιει
865 4355 919 4430 γάρ
939 4355 975 4411 a'.

504 4669 516 4702 Ι
