3274 4934
317 423 358 485 as
754 457 796 468 -
843 421 927 503 pso]
975 457 1018 467 -

318 617 353 676 ut
375 611 417 676 ab
432 610 505 676 aliis
522 610 754 692 discernantur,
773 627 857 692 quae
872 627 908 675 se
923 609 1014 693 ipsae
1029 627 1092 676 non
1108 615 1308 675 censuerant.
1335 607 1467 687 Quam-

318 733 413 797 quam
442 713 519 796 quid
549 713 591 780 sit
621 733 676 779 cur
704 721 869 797 tamquam
903 731 986 778 nova
1015 711 1143 777 rubrica
1171 711 1261 777 illam
1285 719 1457 795 sequatur:

323 813 461 901 [πόλεις,
489 813 528 893 ἃς
544 809 574 903 ἡ]
594 813 698 903 βααίὴ
715 815 772 881 καί
788 813 820 880 αἱ
836 811 1070 898 πεντακόσιαίι
1085 813 1117 879 oi
1132 808 1289 903 ἡλιασταί
1305 813 1461 898 sejugae,

318 940 381 987 non
397 920 476 986 satis
490 939 662 1003 assequor:
689 918 878 1005 praesertim
890 939 962 985 curn
985 923 1017 984 et
1038 937 1173 984 omnes
1196 919 1291 984 urbes
1306 939 1327 983 a
1342 925 1465 984 senatu

319 1031 352 1091 et
372 1023 491 1089 iudicio
514 1022 701 1089 aestimatas
731 1022 832 1089 fuisse
854 1027 979 1088 constet
1000 1040 1104 1104 neque
1127 1021 1196 1087 ulla
1218 1020 1382 1106 supersint
1405 1041 1466 1086 ur-

320 1127 407 1192 bium
430 1126 560 1192 nomine
582 1124 630 1190 illi
665 1124 811 1192 rubricae
842 1124 1002 1204 subiecta,
1039 1124 1125 1190 unde
1155 1124 1242 1191 cerni
1264 1124 1367 1209 possit
1396 1143 1464 1206 qua

320 1251 354 1296 re
377 1230 419 1295 ab
442 1228 516 1295 aliis
537 1229 665 1295 distent.

788 1455 992 1464 -—-——-—-

323 1701 381 1793 DE
421 1699 619 1792 subires
660 1699 708 1791 IN
746 1699 1022 1792 RATIONIBUS
1059 1699 1287 1793 ewrrnrrs
1324 1702 1467 1791 ATHE-

322 1820 540 1913 NIENSIUM
574 1819 666 1912 CUM
701 1819 821 1912 ALIIS
858 1820 1167 1930 edentibus,
1203 1820 1467 1914 PRdECIPUE

459 1941 507 2031 IN
536 1939 1156 2154 FOEDERIngngffiOgiENDIS
1183 1941 1235 2032 VI
1261 1941 1321 2035 AC

409 2261 490 2328 Cum
521 2260 640 2327 exteris
670 2259 852 2327 civitatibus
875 2281 934 2346 pro
956 2263 1075 2348 populo
1097 2269 1243 2329 senatum
1267 2263 1385 2347 egisse,
1414 2265 1467 2331 le-

321 2373 414 2450 gatos
438 2371 470 2430 et
491 2363 619 2430 misisse
642 2369 674 2430 et
695 2363 885 2448 admisisse,
919 2365 960 2432 de
990 2365 1151 2432 mandatis
1174 2365 1241 2432 illis
1264 2365 1348 2433 datis
1371 2390 1465 2453 πρα-

321 2464 536 2551 βουλεύματα
559 2467 745 2553 concepisse
768 2475 801 2534 et
822 2468 958 2536 consilia
979 2487 1050 2534 cum
1066 2469 1186 2554 populo
1206 2469 1464 2538 communicasse

323 2579 432 2639 notum
462 2577 511 2638 est
538 2578 571 2637 et
599 2591 620 2636 a
649 2569 726 2636 viris
756 2570 857 2638 doctis
880 2571 1087 2638 multifariam
1111 2579 1281 2640 tractatum
1309 2573 1361 2654 (cf.
1387 2593 1464 2640 curn

324 2675 405 2740 aiios
438 2683 505 2740 tum
535 2673 659 2740 Busolt.
685 2675 716 2738 d.
741 2675 848 2739 aweite
877 2675 994 2739 Αίίιαα.
1018 2675 1118 2740 Βααιί
1147 2675 1180 2740 in
1210 2676 1320 2741 annal.
1345 2676 1462 2762 philol.

325 2779 484 2864 supplem.
516 2777 579 2843 VII
606 2798 639 2862 p.
666 2778 739 2842 698.
782 2777 906 2845 Hartel.
932 2781 1003 2844 Arc.
1029 2781 1167 2844 eaeor.
1194 2801 1227 2864 p.
1256 2782 1342 2864 102).
1394 2781 1469 2847 Ita-

324 2901 386 2964 que
408 2918 452 2927 —
473 2885 509 2946 ut
530 2879 590 2947 hoc
623 2880 761 2966 primurn
789 2881 922 2947 afferam
944 2921 988 2932 —
1010 2882 1046 2950 O.
1072 2881 1099 2946 I.
1124 2882 1164 2948 A.
1190 2882 1285 2948 1186
1308 2885 1468 2970 populum

325 2983 452 3050 senatui
480 2983 698 3069 praescribere
727 3005 787 3070 par
815 2991 881 3051 est:
924 2982 1123 3073 conpatiebar
1155 2985 1192 3050 δὲ
1220 2986 1278 3050 καί
1307 2984 1466 3070 σύμβολα

327 3081 344 3176 r‘p
368 3084 471 3174 βουλὴ
495 3085 583 3173 πρὸς
606 3083 830 3170 τὸνβασιλέα
852 3087 913 3154 τὸν
935 3088 1117 3170 Σιδωνίων,
1145 3083 1240 3166 ὅπως
1263 3084 1305 3156 ἂν
1323 3084 1341 3154 ὁ
1357 3090 1468 3177 δῆμος

325 3186 548 3278 inequalem
571 3189 641 3276 εἰδῇ
671 3188 731 3256 ἐάν
761 3215 793 3256 τι
826 3196 945 3278 πέμπῃ
970 3185 987 3258 ὅ
1011 3192 1185 3259 Σιδωνίων
1205 3191 1365 3275 βασιλεὺς
1387 3193 1467 3260 δεό-

325 3318 426 3377 μενος
441 3301 499 3381 τῆς
515 3290 660 3372 πόλεως,
684 3295 741 3360 καί
759 3287 777 3359 ὁ
793 3291 952 3376 βασιλεὺς
969 3288 986 3360 ὁ
1004 3295 1215 3379 Σιδίωμίων,
1243 3289 1326 3362 ὅταν
1341 3301 1464 3382 πέμπῃ

326 3394 402 3464 τινὰ
425 3391 468 3474 ὡς
491 3391 596 3464 αὐτὸν
618 3390 635 3463 ὃ
660 3396 764 3485 δῆμος
788 3390 1020 3485 exequutus.
1062 3400 1222 3466 Tesserae
1244 3399 1330 3466 enim
1353 3399 1468 3486 hospi-

325 3500 420 3582 tales,
439 3500 556 3582 quibus
575 3500 654 3567 socii
668 3507 765 3583 atque
780 3501 876 3567 amici
891 3500 1028 3567 invicem
1043 3509 1269 3586 agnoscantur,
1288 3523 1309 3568 a
1324 3522 1465 3586 quonam

326 3597 397 3670 'fieri
420 3603 583 3670 debebant
603 3603 666 3669 nisi
688 3625 709 3670 a
732 3611 855 3687 senatu,
889 3604 1009 3690 quippe
1032 3606 1162 3689 quires
1190 3613 1338 3672 externas
1360 3605 1468 3672 admi-

326 3707 498 3773 nistraret?
520 3708 670 3774 Fortasse
693 3707 733 3774 de
757 3707 870 3774 eadem
894 3728 927 3774 re
950 3707 1030 3773 164
1053 3706 1093 3774 fr.
1115 3729 1144 3787 a,
1167 3729 1199 3774 v.
1221 3711 1259 3774 18
1275 3709 1390 3794 agitur,
1410 3711 1467 3776 ubi

327 3811 511 3896 agnoscitur
525 3831 587 3877 vox
607 3811 802 3895 [oivpdoia.
816 3861 836 3890 .,
856 3811 1045 3908 praesertim
1058 3831 1130 3878 cum
1146 3811 1187 3878 de
1199 3811 1467 3878 honoribusEua-

328 3933 427 3998 goras
450 3913 638 3996 Salaminio,
665 3915 734 3999 regi
757 3914 874 4000 stipsi
896 3914 1139 3982 Atheniensium
1155 3915 1269 3998 amico,
1287 3914 1467 3982 tribuendis

329 4018 528 4084 decernatur.
556 4017 622 4084 Sed
638 4037 710 4083 cunr
730 4017 919 4103 praecedet:
940 4015 1000 4095 τὰς
1018 4018 1152 4104 didaci,
1169 4020 1265 4086 etiam
1281 4018 1372 4084 δίκαι
1383 4039 1469 4101 συμ-

330 4121 469 4204 potarat
496 4119 547 4186 vel
563 4120 654 4186 δίκαι
677 4115 746 4186 ἀπὸ
769 4118 949 4204 συμβόλων
963 4122 1109 4207 intellegi
1125 4131 1269 4208 possunt.
1295 4123 1420 4190 certius
1437 4124 1469 4188 11

334 4227 412 4306 108,
450 4245 512 4308 quo
534 4225 625 4290 titulo
647 4225 759 4292 Oronti
787 4219 932 4309 (Mysiae
954 4233 990 4292 ut
1011 4227 1138 4292 videtur
1160 4227 1328 4312 satrapee'p
1355 4226 1470 4292 civitas

331 4328 502 4408 confertur,
540 4329 639 4394 verba
662 4328 702 4394 fr.
727 4329 758 4408 b,
785 4349 816 4392 v.
843 4331 875 4392 6:
915 4329 972 4394 καὶ
1000 4325 1043 4394 τὰ
1065 4325 1219 4411 σύμβολα
1242 4329 1372 4414 δειχθῇ,
1404 4327 1469 4396 huo

1616 471 1618 516 i

1616 517 1618 568 ί
