3248 4928
287 393 326 454 58
722 427 763 436 -«
812 393 895 472 [370]
944 427 985 436 -

286 579 468 645 celebratur
489 587 521 645 et
543 579 576 645 in
594 579 689 644 Frisii
713 580 853 646 editione
876 580 1089 646 bibliothecae
1107 579 1327 646 Gcsucrieuae
1348 566 1427 663 [Τιιέ

286 683 342 748 rici
369 685 461 767 1583)
490 683 570 748 haec
599 683 640 749 de
670 684 726 750 illo
757 685 924 768 leguntur:
965 683 1054 768 »Cyn
1080 685 1159 750 Auo.
1193 684 1427 769 epigrammata

287 788 446 872 quaedam
469 807 526 854 seu
548 787 774 874 inscriptiones
796 789 945 872 antiquas
967 809 1025 874 per
1039 788 1203 873 Illyricum
1219 788 1280 854 iter
1295 789 1426 874 collegit

287 900 319 957 et
347 891 458 958 edidit.
506 893 584 958 Eius
613 892 812 959 itinerarium
842 893 920 960 citat
948 893 1109 959 'Perellius
1132 894 1278 978 Sarayna
1306 894 1338 958 in
1365 893 1419 960 de-

287 996 459 1081 scriptione
481 999 629 1062 Romae«
669 1069 673 1082 .

373 1101 538 1167 h'alsarius
559 1101 658 1184 igitur
679 1102 787 1184 aliquo
809 1102 844 1167 iu
865 1101 975 1168 codice
998 1109 1158 1187 repertum
1180 1101 1222 1168 de
1237 1101 1363 1187 Dictys,
1391 1109 1427 1168 ut

287 1205 487 1290 opinabatur,
521 1211 705 1290 excerptum
729 1205 953 1288 dignissimum
981 1205 1204 1286 existimabat,
1236 1225 1299 1288 quo
1321 1205 1426 1271 viola-

286 1308 368 1374 rium
392 1315 530 1391 ornaret,
555 1329 660 1392 neque
683 1309 810 1394 Cyriaci
832 1310 1024 1376 mentionem
1045 1308 1227 1376 describere
1242 1309 1422 1390 dubitabat,

286 1414 406 1498 quippe
436 1433 530 1496 quern
558 1414 721 1498 ignoraret
749 1414 851 1480 tribus
880 1415 1019 1480 saeculis
1049 1419 1121 1500 post
1142 1433 1239 1480 verae
1260 1413 1425 1480 dudeciaco

286 1517 407 1582 obitum
431 1523 540 1582 natum
563 1535 646 1583 esse.
947 1519 948 1524 ’

369 1613 503 1686 ‘Odluoc
524 1627 631 1686 autern
660 1641 776 1688 nornen
805 1642 865 1688 nec
891 1641 948 1706 pro
971 1625 1151 1686 Κνωσσίου
1177 1641 1248 1686 curn
1272 1620 1425 1703 Dungero

290 1725 400 1806 (Flach
422 1747 454 1810 p.
477 1727 546 1807 156)
573 1745 677 1808 neque
700 1745 771 1791 curn
793 1725 928 1791 Flaohio
957 1745 1013 1811 pro
1036 1719 1105 1788 ἀπὸ
1132 1729 1296 1789 Κνωσσοῦ
1324 1724 1426 1808 scrip

285 1835 352 1893 tum
381 1847 453 1894 esse
482 1828 559 1893 mihi
590 1828 731 1908 videtur;
767 1829 825 1900 sed
852 1837 952 1896 ortam
980 1849 1051 1895 eam
1080 1829 1213 1894 formem
1241 1847 1313 1894 esse
1335 1827 1424 1892 arbi-

285 1939 350 1997 tror
371 1932 457 1998 hune
478 1932 511 1997 in
534 1932 675 1998 modum.
722 1933 836 2019 Dictys
863 1934 896 1998 in
925 1933 1036 1999 codice
1059 1933 1213 1999 Beruensi
1236 1931 1320 1997 Ditis
1343 1931 1425 1998 dici-

285 2043 337 2101 tur
371 2036 422 2114 (cf.
455 2035 539 2101 Diet.
575 2036 627 2102 ed.
660 2037 791 2104 Meister
821 2059 853 2123 p.
879 2038 917 2120 Vl
952 2036 1077 2102 duobus
1111 2036 1189 2102 locis
1223 2035 1425 2118 eandemque

286 2140 419 2205 formam
443 2161 482 2206 ex
505 2141 570 2206 alio
592 2140 712 2223 codice,
739 2141 872 2208 sibene
895 2141 1039 2220 memini,
1068 2139 1180 2206 laudat
1202 2139 1272 2224 Ioly
1300 2141 1426 2220 (Benoit

286 2244 327 2311 de
343 2244 585 2325 Sainte-More).
632 2243 722 2323 Quae
742 2244 842 2310 forma
865 2246 893 2311 si
915 2245 948 2310 iu
965 2245 1078 2310 Lahuo
1095 2243 1220 2328 Dictyis
1242 2244 1333 2324 libro,
1360 2263 1425 2326 quo

286 2368 363 2414 usus
392 2355 441 2414 est
463 2347 631 2432 Cyriacus,
665 2347 784 2430 extitit,
818 2349 887 2414 ficri
916 2349 1011 2414 facile
1040 2348 1142 2433 potuit
1171 2353 1206 2413 ut
1234 2347 1290 2413 ille
1319 2347 1424 2412 eurico

286 2452 441 2518 scriberet
459 2444 496 2516 ‘0
512 2451 604 2537 δίνης
627 2448 751 2538 γράφει
774 2453 825 2518 vel
842 2451 937 2517 simili
953 2451 1064 2530 modo;
1092 2449 1178 2533 quod
1199 2450 1257 2516 ille
1279 2471 1341 2516 non
1365 2471 1425 2515 no

285 2577 358 2620 rnen
381 2575 453 2620 cum
476 2555 618 2635 articulo,
647 2555 824 2621 sedunum
847 2575 963 2621 nornen
979 2555 1138 2621 Graecum
1158 2572 1231 2620 esse
1253 2560 1341 2620 ratus
1364 2573 1424 2636 ge-

284 2659 426 2724 netivum
449 2657 526 2724 fecit
543 2651 687 2723 ‘obtenu
734 2657 801 2725 Sed
826 2658 905 2724 satis
929 2658 970 2725 de
992 2658 1056 2724 his.

370 2865 457 2930 Inter
471 2885 537 2949 eos,
564 2885 643 2948 quos
665 2866 753 2950 ipsos
772 2866 920 2932 adhibuit
935 2865 1077 2932 Eudocia
1098 2867 1131 2932 in
1153 2865 1271 2949 glossis
1294 2863 1425 2948 mytho-

285 2969 410 3052 logicis,
437 2969 621 3034 nominandi
643 2977 810 3054 praeterea
833 2978 907 3036 suut
928 2971 1124 3052 Athenaeus,
1150 2969 1333 3053 Stephanus
1356 2967 1425 3052 By-

285 3071 422 3154 zautius,
448 3071 604 3137 Nicandri
627 3079 659 3138 et
680 3073 818 3158 Oppiani
842 3073 988 3154 Scholia,
1024 3073 1217 3157 Autbologia
1238 3071 1419 3152 Plauudea,

285 3173 475 3259 Sophocles,
507 3175 694 3260 Euripides,
728 3176 896 3260 Cornutus,
930 3177 1159 3263 Palaephatus,
1191 3175 1419 3256 Philostratus,

284 3279 455 3363 Byzantini
477 3279 609 3362 quidam
632 3299 736 3345 rerum
759 3280 939 3365 scriptores.

369 3485 386 3569 ᾗ
411 3491 442 3550 l.
488 3485 722 3552 ATHENAEO
749 3494 814 3553 tres
838 3488 923 3552 locos
945 3487 1056 3553 deberi
1079 3486 1174 3552 video
1196 3485 1274 3550 hos:
1306 3507 1339 3570 p.
1358 3489 1422 3548 242

288 3591 378 3673 (περὶ
400 3595 461 3654 τσῦ
473 3583 642 3674 Ἰκαρίου.)
670 3589 701 3654 ol
719 3590 756 3656 δέ
772 3612 858 3677 φασι
872 3627 915 3638 -
930 3591 1124 3671 μετέδωκαν
1145 3589 1245 3655 verbu
1263 3609 1303 3653 ex
1320 3587 1423 3653 Athe-

282 3714 363 3758 naeo
386 3693 401 3756 Ι
425 3697 465 3756 tlt
495 3693 529 3758 in
559 3693 735 3775 marginem
768 3693 888 3760 codicis
918 3693 1010 3759 illata
1039 3700 1124 3758 sunt.
1157 3694 1170 3779 ΙΙ
1200 3693 1236 3757 Ρ.
1255 3695 1313 3756 351
1342 3692 1421 3776 περὶ

282 3794 456 3860 Πυλάδου.
489 3792 649 3883 Πυλάδης
664 3835 707 3842 -
722 3803 901 3884 σατυρικῆς
923 3818 941 3862 e
965 3797 1084 3863 Suidae
1100 3797 1221 3862 Aldina
1244 3799 1423 3881 (Μηστιιρ-

282 3907 349 3964 νῶν
382 3899 501 3965 Stridae
536 3900 619 3965 libel·
640 3901 680 3982 A,
723 3907 924 3986 μισθαρνῶν
953 3901 1042 3985 vulg.
1075 3899 1160 3966 Eud.
1198 3898 1203 3985 l
1246 3893 1328 3963 ἀπὸ
1363 3905 1424 3985 τῆς

282 4027 365 4085 arcp.
392 4003 514 4069 Suillae
537 4005 610 4069 libri
637 4011 669 4070 ot
697 4004 796 4070 editio
819 4003 1086 4084 Mediolanensis,
1124 4004 1228 4090 περὶ
1250 4027 1280 4066 τ.
1307 4027 1337 4067 κ.
1364 4003 1423 4068 ΑΙ-

282 4106 360 4171 dina
382 4113 414 4172 et
429 4107 540 4190 Eud).
588 4109 724 4190 llcliqua
745 4127 785 4173 ex
801 4107 967 4174 Athenaeo
983 4107 1060 4172 XIV
1076 4108 1151 4190 630,
1172 4111 1246 4186 620,
1265 4109 1324 4169 621
1352 4127 1424 4172 rna-

282 4210 366 4276 rirno
388 4211 515 4276 turbato
543 4213 755 4277 membrorum
785 4211 897 4277 ordine
920 4217 1082 4277 mutuatur
1103 4209 1261 4276 Eudocia.
1294 4209 1307 4294 ΙΙ
1338 4211 1423 4274 'lum

281 4335 314 4399 p.
334 4317 396 4378 352
419 4311 487 4378 Διὰ
508 4317 540 4378 τί
562 4313 595 4379 oi
618 4313 757 4400 ἐρῶντες
774 4339 803 4380 κ.
822 4339 851 4380 u.
870 4315 900 4379 λ.
925 4335 966 4380 ex
989 4313 1156 4380 Athenaeo
1180 4313 1244 4378 Xll
1265 4317 1327 4377 553
1351 4319 1423 4380 ot‘la
