<?xml version="1.0" encoding="UTF-8"?>
<!DOCTYPE html PUBLIC "-//W3C//DTD XHTML 1.0 Transitional//EN"
    "http://www.w3.org/TR/xhtml1/DTD/xhtml1-transitional.dtd">
<html xmlns="http://www.w3.org/1999/xhtml" xml:lang="en" lang="en">
 <head>
  <title>
</title>
<meta http-equiv="Content-Type" content="text/html;charset=utf-8" />
  <meta name='ocr-system' content='tesseract 3.04.00' />
  <meta name='ocr-capabilities' content='ocr_page ocr_carea ocr_par ocr_line ocrx_word'/>
</head>
<body>
  <div class='ocr_page' id='page_1' title='image "./dissertationesp02stragoog_0468.png"; bbox 0 0 3274 4934; ppageno 0'>
   <div class='ocr_carea' id='block_1_1' title="bbox 624 403 1322 486">
    <p class='ocr_par' dir='ltr' id='par_1_1' title="bbox 624 403 1322 486">
     <span class='ocr_line' id='line_1_1' title="bbox 624 403 1322 486; baseline -0.003 -20"><span class='ocrx_word' id='word_1_1' title='bbox 624 441 666 452; x_wconf 91' lang='grc'>-</span> <span class='ocrx_word' id='word_1_2' title='bbox 715 405 799 486; x_wconf 75' lang='lat' dir='ltr'><strong>[rra]</strong></span> <span class='ocrx_word' id='word_1_3' title='bbox 848 439 889 449; x_wconf 90' lang='lat'><em>-</em></span> <span class='ocrx_word' id='word_1_4' title='bbox 1282 403 1322 465; x_wconf 82' lang='lat'><strong>29</strong></span> 
     </span>
    </p>
   </div>
   <div class='ocr_carea' id='block_1_2' title="bbox 189 591 1331 3997">
    <p class='ocr_par' dir='ltr' id='par_1_2' title="bbox 189 591 1328 1094">
     <span class='ocr_line' id='line_1_2' title="bbox 190 591 1324 678; baseline -0.001 -19"><span class='ocrx_word' id='word_1_5' title='bbox 190 594 305 677; x_wconf 90' lang='lat' dir='ltr'><strong>quibus</strong></span> <span class='ocrx_word' id='word_1_6' title='bbox 321 600 419 660; x_wconf 89' lang='lat' dir='ltr'><strong>totum</strong></span> <span class='ocrx_word' id='word_1_7' title='bbox 436 613 515 678; x_wconf 89' lang='lat' dir='ltr'><strong>opus</strong></span> <span class='ocrx_word' id='word_1_8' title='bbox 537 595 603 678; x_wconf 86' lang='lat' dir='ltr'><strong>(per</strong></span> <span class='ocrx_word' id='word_1_9' title='bbox 617 594 754 678; x_wconf 81' lang='lat' dir='ltr'><strong>poletss‚</strong></span> <span class='ocrx_word' id='word_1_10' title='bbox 774 592 813 658; x_wconf 85' lang='lat' dir='ltr'><strong>cs.</strong></span> <span class='ocrx_word' id='word_1_11' title='bbox 831 614 860 656; x_wconf 94' lang='lat' dir='ltr'><strong>v.</strong></span> <span class='ocrx_word' id='word_1_12' title='bbox 881 595 931 676; x_wconf 82' lang='lat'><strong>36)</strong></span> <span class='ocrx_word' id='word_1_13' title='bbox 953 593 1145 670; x_wconf 88' lang='lat' dir='ltr'><strong>elooabatnr‚</strong></span> <span class='ocrx_word' id='word_1_14' title='bbox 1165 591 1324 677; x_wconf 82' lang='lat' dir='ltr'><strong>pertinere</strong></span> 
     </span>
     <span class='ocr_line' id='line_1_3' title="bbox 189 695 1325 781; baseline -0.002 -18"><span class='ocrx_word' id='word_1_15' title='bbox 189 697 339 774; x_wconf 65' lang='lat' dir='ltr'><strong>arbitron</strong></span> <span class='ocrx_word' id='word_1_16' title='bbox 366 718 503 780; x_wconf 91' lang='lat' dir='ltr'><strong>namque</strong></span> <span class='ocrx_word' id='word_1_17' title='bbox 527 697 652 764; x_wconf 87' lang='lat' dir='ltr'><strong>senatui</strong></span> <span class='ocrx_word' id='word_1_18' title='bbox 681 698 799 764; x_wconf 76' lang='lat' dir='ltr'><strong>licebat</strong></span> <span class='ocrx_word' id='word_1_19' title='bbox 821 696 1029 762; x_wconf 79' lang='lat' dir='ltr'><strong>conductores</strong></span> <span class='ocrx_word' id='word_1_20' title='bbox 1052 715 1155 762; x_wconf 90' lang='lat' dir='ltr'><strong>rerum</strong></span> <span class='ocrx_word' id='word_1_21' title='bbox 1179 695 1325 781; x_wconf 91' lang='lat' dir='ltr'><strong>publiea-</strong></span> 
     </span>
     <span class='ocr_line' id='line_1_4' title="bbox 190 799 1325 887; baseline -0.003 -20"><span class='ocrx_word' id='word_1_22' title='bbox 190 823 277 884; x_wconf 89' lang='lat' dir='ltr'><strong>rum,</strong></span> <span class='ocrx_word' id='word_1_23' title='bbox 320 802 347 866; x_wconf 94' lang='lat' dir='ltr'><strong>si</strong></span> <span class='ocrx_word' id='word_1_24' title='bbox 378 821 435 866; x_wconf 90' lang='lat' dir='ltr'><strong>suo</strong></span> <span class='ocrx_word' id='word_1_25' title='bbox 465 809 607 885; x_wconf 90' lang='lat' dir='ltr'><strong>tempore</strong></span> <span class='ocrx_word' id='word_1_26' title='bbox 638 801 791 887; x_wconf 83' lang='lat' dir='ltr'><strong>pecunias</strong></span> <span class='ocrx_word' id='word_1_27' title='bbox 821 821 883 866; x_wconf 94' lang='lat' dir='ltr'><strong>non</strong></span> <span class='ocrx_word' id='word_1_28' title='bbox 920 801 1102 881; x_wconf 84' lang='lat' dir='ltr'><strong>solvebant,</strong></span> <span class='ocrx_word' id='word_1_29' title='bbox 1135 800 1168 864; x_wconf 93' lang='lat' dir='ltr'><strong>in</strong></span> <span class='ocrx_word' id='word_1_30' title='bbox 1197 799 1325 864; x_wconf 88' lang='lat' dir='ltr'><strong>vincula</strong></span> 
     </span>
     <span class='ocr_line' id='line_1_5' title="bbox 191 903 1328 988; baseline -0.003 -18"><span class='ocrx_word' id='word_1_31' title='bbox 191 905 336 972; x_wconf 88' lang='lat' dir='ltr'><strong>conicere</strong></span> <span class='ocrx_word' id='word_1_32' title='bbox 359 908 399 988; x_wconf 73' lang='lat' dir='ltr'><strong>(v.</strong></span> <span class='ocrx_word' id='word_1_33' title='bbox 419 904 561 970; x_wconf 86' lang='lat' dir='ltr'><strong>Boeckb.</strong></span> <span class='ocrx_word' id='word_1_34' title='bbox 579 905 834 970; x_wconf 65' lang='lat' dir='ltr'><strong>armabamur</strong></span> <span class='ocrx_word' id='word_1_35' title='bbox 858 907 950 988; x_wconf 82' lang='grc'>457);</span> <span class='ocrx_word' id='word_1_36' title='bbox 977 903 1144 988; x_wconf 85' lang='lat' dir='ltr'><strong>eidemque</strong></span> <span class='ocrx_word' id='word_1_37' title='bbox 1167 910 1328 969; x_wconf 89' lang='lat' dir='ltr'><strong>curatores</strong></span> 
     </span>
     <span class='ocr_line' id='line_1_6' title="bbox 189 1006 1203 1094; baseline -0.004 -20"><span class='ocrx_word' id='word_1_38' title='bbox 189 1031 321 1094; x_wconf 89' lang='lat' dir='ltr'><strong>operum</strong></span> <span class='ocrx_word' id='word_1_39' title='bbox 350 1006 553 1094; x_wconf 78' lang='grc' dir='ltr'><strong>(ἐπιστάτας)</strong></span> <span class='ocrx_word' id='word_1_40' title='bbox 574 1009 734 1076; x_wconf 87' lang='lat' dir='ltr'><strong>subiectos</strong></span> <span class='ocrx_word' id='word_1_41' title='bbox 756 1009 858 1076; x_wconf 85' lang='lat' dir='ltr'><strong>fuisse</strong></span> <span class='ocrx_word' id='word_1_42' title='bbox 885 1008 992 1074; x_wconf 90' lang='lat' dir='ltr'><strong>statim</strong></span> <span class='ocrx_word' id='word_1_43' title='bbox 1014 1007 1203 1074; x_wconf 90' lang='lat' dir='ltr'><strong>videbimus.</strong></span> 
     </span>
    </p>

    <p class='ocr_par' dir='ltr' id='par_1_3' title="bbox 192 1111 1328 1510">
     <span class='ocr_line' id='line_1_7' title="bbox 277 1111 1328 1198; baseline -0.002 -20"><span class='ocrx_word' id='word_1_44' title='bbox 277 1112 412 1178; x_wconf 89' lang='lat' dir='ltr'><strong>Omnino</strong></span> <span class='ocrx_word' id='word_1_45' title='bbox 435 1119 581 1179; x_wconf 88' lang='lat' dir='ltr'><strong>senatum</strong></span> <span class='ocrx_word' id='word_1_46' title='bbox 606 1113 758 1198; x_wconf 86' lang='lat' dir='ltr'><strong>operibns</strong></span> <span class='ocrx_word' id='word_1_47' title='bbox 781 1112 919 1198; x_wconf 90' lang='lat' dir='ltr'><strong>publicis</strong></span> <span class='ocrx_word' id='word_1_48' title='bbox 942 1133 981 1179; x_wconf 83' lang='lat' dir='ltr'><strong>ex</strong></span> <span class='ocrx_word' id='word_1_49' title='bbox 1005 1111 1102 1178; x_wconf 85' lang='lat' dir='ltr'><strong>oflicii</strong></span> <span class='ocrx_word' id='word_1_50' title='bbox 1117 1111 1239 1177; x_wconf 90' lang='lat' dir='ltr'><strong>ratione</strong></span> <span class='ocrx_word' id='word_1_51' title='bbox 1255 1131 1328 1196; x_wconf 92' lang='lat' dir='ltr'><strong>pro-</strong></span> 
     </span>
     <span class='ocr_line' id='line_1_8' title="bbox 193 1215 1322 1302; baseline -0.004 -20"><span class='ocrx_word' id='word_1_52' title='bbox 193 1217 314 1283; x_wconf 90' lang='lat' dir='ltr'><strong>vidisse</strong></span> <span class='ocrx_word' id='word_1_53' title='bbox 339 1217 458 1284; x_wconf 84' lang='lat' dir='ltr'><strong>diserte</strong></span> <span class='ocrx_word' id='word_1_54' title='bbox 481 1225 591 1283; x_wconf 85' lang='lat' dir='ltr'><strong>auctor</strong></span> <span class='ocrx_word' id='word_1_55' title='bbox 606 1217 679 1282; x_wconf 91' lang='lat' dir='ltr'><strong>libri</strong></span> <span class='ocrx_word' id='word_1_56' title='bbox 695 1216 736 1282; x_wconf 89' lang='lat' dir='ltr'><strong>de</strong></span> <span class='ocrx_word' id='word_1_57' title='bbox 751 1237 818 1302; x_wconf 87' lang='lat' dir='ltr'><strong>rep.</strong></span> <span class='ocrx_word' id='word_1_58' title='bbox 837 1215 951 1283; x_wconf 88' lang='lat' dir='ltr'><strong>Athen.</strong></span> <span class='ocrx_word' id='word_1_59' title='bbox 972 1223 1107 1282; x_wconf 86' lang='lat' dir='ltr'><strong>testatur</strong></span> <span class='ocrx_word' id='word_1_60' title='bbox 1128 1215 1178 1280; x_wconf 91' lang='lat' dir='ltr'><strong>his</strong></span> <span class='ocrx_word' id='word_1_61' title='bbox 1199 1215 1255 1302; x_wconf 87' lang='lat' dir='ltr'><strong>(lll</strong></span> <span class='ocrx_word' id='word_1_62' title='bbox 1273 1219 1322 1297; x_wconf 71' lang='lat' dir='ltr'><strong>tl:</strong></span> 
     </span>
     <span class='ocr_line' id='line_1_9' title="bbox 192 1317 1321 1408; baseline -0.001 -23"><span class='ocrx_word' id='word_1_63' title='bbox 192 1322 253 1407; x_wconf 80' lang='grc' dir='ltr'><strong>την</strong></span> <span class='ocrx_word' id='word_1_64' title='bbox 275 1321 311 1385; x_wconf 81' lang='grc' dir='ltr'><strong>δὲ</strong></span> <span class='ocrx_word' id='word_1_65' title='bbox 334 1318 484 1408; x_wconf 73' lang='grc' dir='ltr'><strong><em>βουλὴν.</em></strong></span> <span class='ocrx_word' id='word_1_66' title='bbox 507 1372 513 1384; x_wconf 93' lang='grc'>.</span> <span class='ocrx_word' id='word_1_67' title='bbox 538 1325 688 1406; x_wconf 76' lang='grc' dir='ltr'><em>νεωρίων</em></span> <span class='ocrx_word' id='word_1_68' title='bbox 712 1317 944 1402; x_wconf 74' lang='grc' dir='ltr'><strong><em>ἐπιμελεῖσθαι</em></strong></span> <span class='ocrx_word' id='word_1_69' title='bbox 966 1321 1023 1384; x_wconf 82' lang='grc' dir='ltr'><strong>καὶ</strong></span> <span class='ocrx_word' id='word_1_70' title='bbox 1047 1317 1144 1406; x_wconf 72' lang='grc' dir='ltr'><strong><em>ἱερῶν</em></strong></span> <span class='ocrx_word' id='word_1_71' title='bbox 1171 1321 1226 1404; x_wconf 80' lang='lat' dir='ltr'><strong>(sc.</strong></span> <span class='ocrx_word' id='word_1_72' title='bbox 1247 1319 1321 1404; x_wconf 80' lang='grc' dir='ltr'><strong><em>δεῖ),</em></strong></span> 
     </span>
     <span class='ocr_line' id='line_1_10' title="bbox 192 1423 1079 1510; baseline 0 -22"><span class='ocrx_word' id='word_1_73' title='bbox 192 1425 245 1490; x_wconf 93' lang='lat' dir='ltr'><strong>ubi</strong></span> <span class='ocrx_word' id='word_1_74' title='bbox 269 1423 342 1510; x_wconf 79' lang='grc' dir='ltr'><strong><em>ἱερά</em></strong></span> <span class='ocrx_word' id='word_1_75' title='bbox 364 1425 512 1510; x_wconf 89' lang='lat' dir='ltr'><strong>inprimis</strong></span> <span class='ocrx_word' id='word_1_76' title='bbox 534 1425 765 1508; x_wconf 87' lang='lat' dir='ltr'><strong>intelleguntur</strong></span> <span class='ocrx_word' id='word_1_77' title='bbox 787 1425 918 1508; x_wconf 86' lang='lat' dir='ltr'><strong>templa,</strong></span> <span class='ocrx_word' id='word_1_78' title='bbox 946 1425 1079 1490; x_wconf 86' lang='lat' dir='ltr'><strong>sacella.</strong></span> 
     </span>
    </p>

    <p class='ocr_par' dir='ltr' id='par_1_4' title="bbox 191 1526 1331 3997">
     <span class='ocr_line' id='line_1_11' title="bbox 280 1526 1328 1612; baseline -0.001 -20"><span class='ocrx_word' id='word_1_79' title='bbox 280 1528 369 1594; x_wconf 93' lang='lat' dir='ltr'><strong>Idem</strong></span> <span class='ocrx_word' id='word_1_80' title='bbox 393 1529 548 1595; x_wconf 87' lang='lat' dir='ltr'><strong>evincitur</strong></span> <span class='ocrx_word' id='word_1_81' title='bbox 564 1528 648 1594; x_wconf 88' lang='lat' dir='ltr'><strong>tituli</strong></span> <span class='ocrx_word' id='word_1_82' title='bbox 664 1529 700 1594; x_wconf 88' lang='lat' dir='ltr'><strong>C.</strong></span> <span class='ocrx_word' id='word_1_83' title='bbox 720 1528 745 1592; x_wconf 95' lang='lat' dir='ltr'><strong>l.</strong></span> <span class='ocrx_word' id='word_1_84' title='bbox 765 1530 804 1592; x_wconf 94' lang='lat' dir='ltr'><strong>A.</strong></span> <span class='ocrx_word' id='word_1_85' title='bbox 824 1529 928 1610; x_wconf 82' lang='lat'><strong>1301,</strong></span> <span class='ocrx_word' id='word_1_86' title='bbox 955 1548 1017 1612; x_wconf 92' lang='lat' dir='ltr'><strong>quo</strong></span> <span class='ocrx_word' id='word_1_87' title='bbox 1040 1534 1200 1594; x_wconf 86' lang='lat' dir='ltr'><strong>curatores</strong></span> <span class='ocrx_word' id='word_1_88' title='bbox 1221 1526 1328 1612; x_wconf 89' lang='lat' dir='ltr'><strong>operis</strong></span> 
     </span>
     <span class='ocr_line' id='line_1_12' title="bbox 191 1627 1329 1718; baseline -0.002 -22"><span class='ocrx_word' id='word_1_89' title='bbox 191 1632 329 1698; x_wconf 88' lang='lat' dir='ltr'><strong>alieuius</strong></span> <span class='ocrx_word' id='word_1_90' title='bbox 351 1633 471 1718; x_wconf 89' lang='lat' dir='ltr'><strong>publici</strong></span> <span class='ocrx_word' id='word_1_91' title='bbox 495 1633 635 1698; x_wconf 88' lang='lat' dir='ltr'><strong>rationes</strong></span> <span class='ocrx_word' id='word_1_92' title='bbox 658 1632 806 1708; x_wconf 90' lang='lat' dir='ltr'><strong>reddunt,</strong></span> <span class='ocrx_word' id='word_1_93' title='bbox 841 1631 892 1696; x_wconf 91' lang='lat' dir='ltr'><strong>his</strong></span> <span class='ocrx_word' id='word_1_94' title='bbox 914 1631 1061 1698; x_wconf 89' lang='lat' dir='ltr'><strong>vocibus:</strong></span> <span class='ocrx_word' id='word_1_95' title='bbox 1094 1642 1166 1706; x_wconf 85' lang='grc' dir='ltr'><strong><em>τοῖς</em></strong></span> <span class='ocrx_word' id='word_1_96' title='bbox 1189 1627 1329 1696; x_wconf 78' lang='grc' dir='ltr'><strong><em>ἐπιστά-</em></strong></span> 
     </span>
     <span class='ocr_line' id='line_1_13' title="bbox 192 1729 1326 1822; baseline -0.001 -23"><span class='ocrx_word' id='word_1_97' title='bbox 192 1759 277 1822; x_wconf 85' lang='grc' dir='ltr'><strong><em>τησι,</em></strong></span> <span class='ocrx_word' id='word_1_98' title='bbox 312 1732 363 1813; x_wconf 71' lang='grc' dir='ltr'><strong>οἷς</strong></span> <span class='ocrx_word' id='word_1_99' title='bbox 378 1729 550 1822; x_wconf 74' lang='grc' dir='ltr'><strong><em>Ἀντικλῆς</em></strong></span> <span class='ocrx_word' id='word_1_100' title='bbox 579 1733 868 1822; x_wconf 69' lang='grc' dir='ltr'><strong>ἕγραριμάτευ1εν1,</strong></span> <span class='ocrx_word' id='word_1_101' title='bbox 910 1733 967 1799; x_wconf 69' lang='grc' dir='ltr'><strong>ἐπὶ</strong></span> <span class='ocrx_word' id='word_1_102' title='bbox 996 1742 1054 1821; x_wconf 79' lang='grc' dir='ltr'><strong>της</strong></span> <span class='ocrx_word' id='word_1_103' title='bbox 1083 1733 1241 1821; x_wconf 76' lang='grc' dir='ltr'><strong><em>τετάρτης</em></strong></span> <span class='ocrx_word' id='word_1_104' title='bbox 1271 1735 1326 1798; x_wconf 74' lang='grc' dir='ltr'><strong>καὶ</strong></span> 
     </span>
     <span class='ocr_line' id='line_1_14' title="bbox 193 1830 1326 1927; baseline -0.004 -23"><span class='ocrx_word' id='word_1_105' title='bbox 193 1837 332 1927; x_wconf 79' lang='grc' dir='ltr'><strong><em>δεκάτης</em></strong></span> <span class='ocrx_word' id='word_1_106' title='bbox 365 1841 506 1927; x_wconf 70' lang='grc' dir='ltr'><strong><em>βουλῆς,</em></strong></span> <span class='ocrx_word' id='word_1_107' title='bbox 543 1830 561 1902; x_wconf 76' lang='lat' dir='ltr'><strong>d</strong></span> <span class='ocrx_word' id='word_1_108' title='bbox 587 1844 786 1924; x_wconf 75' lang='grc' dir='ltr'><strong><em>Μεταγένης</em></strong></span> <span class='ocrx_word' id='word_1_109' title='bbox 820 1845 954 1924; x_wconf 77' lang='grc' dir='ltr'><strong><em>πρῶτος</em></strong></span> <span class='ocrx_word' id='word_1_110' title='bbox 987 1835 1232 1925; x_wconf 75' lang='grc' dir='ltr'><strong><em>ἐγραμμάτευε,</em></strong></span> <span class='ocrx_word' id='word_1_111' title='bbox 1270 1837 1326 1902; x_wconf 73' lang='grc' dir='ltr'><strong>ἐπὶ</strong></span> 
     </span>
     <span class='ocr_line' id='line_1_15' title="bbox 195 1935 1328 2030; baseline 0 -24"><span class='ocrx_word' id='word_1_112' title='bbox 195 1940 367 2029; x_wconf 83' lang='grc' dir='ltr'><strong><em>Κράτητος</em></strong></span> <span class='ocrx_word' id='word_1_113' title='bbox 398 1937 560 2028; x_wconf 79' lang='grc' dir='ltr'><strong><em>άρχαντας</em></strong></span> <span class='ocrx_word' id='word_1_114' title='bbox 576 1935 805 2030; x_wconf 82' lang='grc' dir='ltr'><strong><em>Ἀθηναίοισιν</em></strong></span> <span class='ocrx_word' id='word_1_115' title='bbox 840 1943 900 2027; x_wconf 89' lang='lat' dir='ltr'><strong>(Ol.</strong></span> <span class='ocrx_word' id='word_1_116' title='bbox 927 1945 982 2026; x_wconf 80' lang='lat'><strong>86,</strong></span> <span class='ocrx_word' id='word_1_117' title='bbox 1011 1946 1054 2026; x_wconf 71' lang='lat'><strong>3),</strong></span> <span class='ocrx_word' id='word_1_118' title='bbox 1088 1939 1244 2029; x_wconf 83' lang='grc' dir='ltr'><strong><em>λήμματα</em></strong></span> <span class='ocrx_word' id='word_1_119' title='bbox 1268 1947 1328 2006; x_wconf 80' lang='grc' dir='ltr'><strong>τοῦ</strong></span> 
     </span>
     <span class='ocr_line' id='line_1_16' title="bbox 194 2043 1327 2131; baseline -0.001 -20"><span class='ocrx_word' id='word_1_120' title='bbox 194 2045 350 2113; x_wconf 80' lang='grc' dir='ltr'><strong><em>ἐνιαυτοῦ</em></strong></span> <span class='ocrx_word' id='word_1_121' title='bbox 372 2043 493 2112; x_wconf 82' lang='grc' dir='ltr'><strong><em>τούτου</em></strong></span> <span class='ocrx_word' id='word_1_122' title='bbox 508 2043 586 2112; x_wconf 80' lang='grc' dir='ltr'><strong><em>τάδε</em></strong></span> <span class='ocrx_word' id='word_1_123' title='bbox 606 2097 612 2110; x_wconf 92' lang='grc'><strong>.</strong></span> <span class='ocrx_word' id='word_1_124' title='bbox 635 2097 640 2107; x_wconf 91' lang='grc'><em>.</em></span> <span class='ocrx_word' id='word_1_125' title='bbox 663 2098 669 2110; x_wconf 95' lang='grc'>.</span> <span class='ocrx_word' id='word_1_126' title='bbox 696 2049 835 2113; x_wconf 87' lang='lat' dir='ltr'><strong>Senatus</strong></span> <span class='ocrx_word' id='word_1_127' title='bbox 850 2047 948 2131; x_wconf 84' lang='lat' dir='ltr'><strong>igitur</strong></span> <span class='ocrx_word' id='word_1_128' title='bbox 963 2046 1038 2112; x_wconf 89' lang='lat' dir='ltr'><strong>anni</strong></span> <span class='ocrx_word' id='word_1_129' title='bbox 1054 2047 1105 2113; x_wconf 93' lang='lat' dir='ltr'><strong>Ol.</strong></span> <span class='ocrx_word' id='word_1_130' title='bbox 1125 2051 1177 2123; x_wconf 85' lang='lat'><strong>86,</strong></span> <span class='ocrx_word' id='word_1_131' title='bbox 1197 2049 1327 2129; x_wconf 78' lang='lat' dir='ltr'><strong>oquer-</strong></span> 
     </span>
     <span class='ocr_line' id='line_1_17' title="bbox 193 2149 1329 2235; baseline -0.001 -21"><span class='ocrx_word' id='word_1_132' title='bbox 193 2158 244 2215; x_wconf 90' lang='lat' dir='ltr'><strong>tus</strong></span> <span class='ocrx_word' id='word_1_133' title='bbox 268 2151 411 2216; x_wconf 89' lang='lat' dir='ltr'><strong>decimus</strong></span> <span class='ocrx_word' id='word_1_134' title='bbox 434 2158 635 2232; x_wconf 87' lang='lat' dir='ltr'><strong>numeratur,</strong></span> <span class='ocrx_word' id='word_1_135' title='bbox 669 2150 815 2215; x_wconf 88' lang='lat' dir='ltr'><strong>nimimm</strong></span> <span class='ocrx_word' id='word_1_136' title='bbox 845 2151 887 2215; x_wconf 92' lang='lat' dir='ltr'><strong>ab</strong></span> <span class='ocrx_word' id='word_1_137' title='bbox 910 2171 1065 2232; x_wconf 78' lang='lat' dir='ltr'><strong>acauno,</strong></span> <span class='ocrx_word' id='word_1_138' title='bbox 1091 2170 1153 2232; x_wconf 91' lang='lat' dir='ltr'><strong>quo</strong></span> <span class='ocrx_word' id='word_1_139' title='bbox 1175 2169 1256 2235; x_wconf 86' lang='lat' dir='ltr'><strong>opus</strong></span> <span class='ocrx_word' id='word_1_140' title='bbox 1279 2149 1329 2214; x_wconf 90' lang='lat' dir='ltr'><strong>in-</strong></span> 
     </span>
     <span class='ocr_line' id='line_1_18' title="bbox 194 2253 1330 2338; baseline -0.001 -20"><span class='ocrx_word' id='word_1_141' title='bbox 194 2253 341 2319; x_wconf 88' lang='lat' dir='ltr'><strong>cohatum</strong></span> <span class='ocrx_word' id='word_1_142' title='bbox 373 2261 422 2319; x_wconf 87' lang='lat' dir='ltr'><strong>est</strong></span> <span class='ocrx_word' id='word_1_143' title='bbox 449 2257 488 2334; x_wconf 72' lang='lat' dir='ltr'><strong>(v.</strong></span> <span class='ocrx_word' id='word_1_144' title='bbox 516 2253 692 2318; x_wconf 85' lang='lat' dir='ltr'><strong>Kirehhoff.</strong></span> <span class='ocrx_word' id='word_1_145' title='bbox 719 2253 883 2338; x_wconf 79' lang='lat' dir='ltr'><strong>adli).</strong></span> <span class='ocrx_word' id='word_1_146' title='bbox 929 2253 1001 2333; x_wconf 80' lang='lat' dir='ltr'><strong>Qua</strong></span> <span class='ocrx_word' id='word_1_147' title='bbox 1029 2253 1126 2319; x_wconf 89' lang='lat' dir='ltr'><strong>dere</strong></span> <span class='ocrx_word' id='word_1_148' title='bbox 1150 2253 1330 2318; x_wconf 91' lang='lat' dir='ltr'><strong>Koehlems</strong></span> 
     </span>
     <span class='ocr_line' id='line_1_19' title="bbox 201 2356 1327 2439; baseline 0 -19"><span class='ocrx_word' id='word_1_149' title='bbox 201 2356 294 2439; x_wconf 64' lang='lat' dir='ltr'><strong>(Ure.</strong></span> <span class='ocrx_word' id='word_1_150' title='bbox 322 2379 353 2419; x_wconf 87' lang='grc' dir='ltr'><strong>α.</strong></span> <span class='ocrx_word' id='word_1_151' title='bbox 393 2356 577 2421; x_wconf 68' lang='lat' dir='ltr'><strong>desererer.</strong></span> <span class='ocrx_word' id='word_1_152' title='bbox 610 2381 637 2420; x_wconf 83' lang='lat' dir='ltr'><strong>z.</strong></span> <span class='ocrx_word' id='word_1_153' title='bbox 668 2357 781 2421; x_wconf 61' lang='grc' dir='ltr'><strong><em>(ἕτερά.</em></strong></span> <span class='ocrx_word' id='word_1_154' title='bbox 813 2358 845 2419; x_wconf 87' lang='lat' dir='ltr'><strong>d.</strong></span> <span class='ocrx_word' id='word_1_155' title='bbox 866 2357 1168 2422; x_wconf 76' lang='lat' dir='ltr'><strong>deliscb-attrsclrerr</strong></span> <span class='ocrx_word' id='word_1_156' title='bbox 1198 2358 1327 2422; x_wconf 78' lang='lat' dir='ltr'><strong>Beudos</strong></span> 
     </span>
     <span class='ocr_line' id='line_1_20' title="bbox 194 2453 1328 2546; baseline -0.001 -21"><span class='ocrx_word' id='word_1_157' title='bbox 194 2481 226 2544; x_wconf 95' lang='lat' dir='ltr'><strong>p.</strong></span> <span class='ocrx_word' id='word_1_158' title='bbox 256 2463 324 2544; x_wconf 80' lang='lat'>108)</span> <span class='ocrx_word' id='word_1_159' title='bbox 360 2461 440 2526; x_wconf 90' lang='lat' dir='ltr'><strong>baec</strong></span> <span class='ocrx_word' id='word_1_160' title='bbox 469 2460 607 2545; x_wconf 85' lang='lat' dir='ltr'><strong>profert:</strong></span> <span class='ocrx_word' id='word_1_161' title='bbox 635 2453 721 2524; x_wconf 84' lang='lat' dir='ltr'><strong>‘Der</strong></span> <span class='ocrx_word' id='word_1_162' title='bbox 748 2469 795 2523; x_wconf 83' lang='grc'><strong>14.</strong></span> <span class='ocrx_word' id='word_1_163' title='bbox 822 2461 909 2526; x_wconf 81' lang='lat' dir='ltr'><strong>Rath</strong></span> <span class='ocrx_word' id='word_1_164' title='bbox 940 2461 982 2526; x_wconf 82' lang='lat' dir='ltr'><strong>ist</strong></span> <span class='ocrx_word' id='word_1_165' title='bbox 1012 2462 1139 2546; x_wconf 78' lang='lat' dir='ltr'><strong>pezdhll</strong></span> <span class='ocrx_word' id='word_1_166' title='bbox 1172 2485 1231 2526; x_wconf 81' lang='lat' dir='ltr'><strong>oea</strong></span> <span class='ocrx_word' id='word_1_167' title='bbox 1259 2463 1328 2524; x_wconf 85' lang='lat' dir='ltr'><strong>dom</strong></span> 
     </span>
     <span class='ocr_line' id='line_1_21' title="bbox 193 2565 1328 2650; baseline 0.003 -24"><span class='ocrx_word' id='word_1_168' title='bbox 193 2565 328 2649; x_wconf 66' lang='lat' dir='ltr'><strong>Arfferrp</strong></span> <span class='ocrx_word' id='word_1_169' title='bbox 358 2566 415 2628; x_wconf 82' lang='lat' dir='ltr'><strong>dor</strong></span> <span class='ocrx_word' id='word_1_170' title='bbox 445 2567 510 2650; x_wconf 72' lang='lat' dir='ltr'><strong>corf</strong></span> <span class='ocrx_word' id='word_1_171' title='bbox 531 2565 647 2628; x_wconf 78' lang='lat' dir='ltr'><strong>Gruad</strong></span> <span class='ocrx_word' id='word_1_172' title='bbox 674 2565 758 2628; x_wconf 76' lang='lat' dir='ltr'><strong>eines</strong></span> <span class='ocrx_word' id='word_1_173' title='bbox 780 2565 981 2630; x_wconf 79' lang='lat' dir='ltr'><strong>Besedlesses</strong></span> <span class='ocrx_word' id='word_1_174' title='bbox 1010 2567 1064 2630; x_wconf 87' lang='lat' dir='ltr'><strong>des</strong></span> <span class='ocrx_word' id='word_1_175' title='bbox 1089 2565 1208 2630; x_wconf 81' lang='lat' dir='ltr'><strong>Ilatbes</strong></span> <span class='ocrx_word' id='word_1_176' title='bbox 1231 2589 1328 2650; x_wconf 77' lang='lat' dir='ltr'><strong>eapo-</strong></span> 
     </span>
     <span class='ocr_line' id='line_1_22' title="bbox 194 2669 1329 2756; baseline 0.003 -26"><span class='ocrx_word' id='word_1_177' title='bbox 194 2669 342 2731; x_wconf 83' lang='lat' dir='ltr'><strong>ordacten</strong></span> <span class='ocrx_word' id='word_1_178' title='bbox 372 2669 439 2732; x_wconf 82' lang='lat' dir='ltr'><strong>aad</strong></span> <span class='ocrx_word' id='word_1_179' title='bbox 469 2677 560 2732; x_wconf 74' lang='lat' dir='ltr'><strong>cerer</strong></span> <span class='ocrx_word' id='word_1_180' title='bbox 587 2670 644 2732; x_wconf 85' lang='lat' dir='ltr'><strong>der</strong></span> <span class='ocrx_word' id='word_1_181' title='bbox 670 2669 892 2754; x_wconf 80' lang='lat' dir='ltr'><strong>Oderaufse&#39;eht</strong></span> <span class='ocrx_word' id='word_1_182' title='bbox 921 2671 1080 2734; x_wconf 78' lang='lat' dir='ltr'><strong>desselben</strong></span> <span class='ocrx_word' id='word_1_183' title='bbox 1102 2669 1329 2756; x_wconf 69' lang='lat' dir='ltr'><strong>eosprp‘u&#39;r&#39;hrterr</strong></span> 
     </span>
     <span class='ocr_line' id='line_1_23' title="bbox 196 2765 1330 2858; baseline 0.004 -23"><span class='ocrx_word' id='word_1_184' title='bbox 196 2765 342 2835; x_wconf 83' lang='lat' dir='ltr'><strong>Bauten’.</strong></span> <span class='ocrx_word' id='word_1_185' title='bbox 381 2773 485 2855; x_wconf 85' lang='lat' dir='ltr'><strong>Atque</strong></span> <span class='ocrx_word' id='word_1_186' title='bbox 514 2772 658 2838; x_wconf 84' lang='lat' dir='ltr'><strong>custodia</strong></span> <span class='ocrx_word' id='word_1_187' title='bbox 686 2773 792 2858; x_wconf 90' lang='lat' dir='ltr'><strong>operis</strong></span> <span class='ocrx_word' id='word_1_188' title='bbox 815 2793 893 2838; x_wconf 88' lang='lat' dir='ltr'><strong>sane</strong></span> <span class='ocrx_word' id='word_1_189' title='bbox 915 2773 1043 2839; x_wconf 87' lang='lat' dir='ltr'><strong>senatui</strong></span> <span class='ocrx_word' id='word_1_190' title='bbox 1066 2773 1236 2839; x_wconf 86' lang='lat' dir='ltr'><strong>commissa</strong></span> <span class='ocrx_word' id='word_1_191' title='bbox 1258 2793 1330 2839; x_wconf 89' lang='lat' dir='ltr'><strong>esse</strong></span> 
     </span>
     <span class='ocr_line' id='line_1_24' title="bbox 194 2875 1331 2962; baseline 0.003 -22"><span class='ocrx_word' id='word_1_192' title='bbox 194 2875 336 2940; x_wconf 86' lang='lat' dir='ltr'><strong>videtur:</strong></span> <span class='ocrx_word' id='word_1_193' title='bbox 363 2876 492 2941; x_wconf 90' lang='lat' dir='ltr'><strong>minime</strong></span> <span class='ocrx_word' id='word_1_194' title='bbox 515 2895 590 2942; x_wconf 93' lang='lat' dir='ltr'><strong>vero</strong></span> <span class='ocrx_word' id='word_1_195' title='bbox 613 2897 652 2942; x_wconf 90' lang='lat' dir='ltr'><strong>ea</strong></span> <span class='ocrx_word' id='word_1_196' title='bbox 675 2885 744 2942; x_wconf 90' lang='lat' dir='ltr'><strong>erat</strong></span> <span class='ocrx_word' id='word_1_197' title='bbox 766 2883 923 2962; x_wconf 85' lang='lat' dir='ltr'><strong>potestate</strong></span> <span class='ocrx_word' id='word_1_198' title='bbox 938 2876 1112 2960; x_wconf 82' lang='lat' dir='ltr'><strong>praeditus,</strong></span> <span class='ocrx_word' id='word_1_199' title='bbox 1143 2884 1178 2943; x_wconf 89' lang='lat' dir='ltr'><strong>ut</strong></span> <span class='ocrx_word' id='word_1_200' title='bbox 1199 2877 1331 2960; x_wconf 89' lang='lat' dir='ltr'><strong>aliquod</strong></span> 
     </span>
     <span class='ocr_line' id='line_1_25' title="bbox 194 2979 1330 3066; baseline 0.002 -22"><span class='ocrx_word' id='word_1_201' title='bbox 194 2979 375 3045; x_wconf 87' lang='lat' dir='ltr'><strong>aediticium</strong></span> <span class='ocrx_word' id='word_1_202' title='bbox 399 2980 562 3063; x_wconf 91' lang='lat' dir='ltr'><strong>publicum</strong></span> <span class='ocrx_word' id='word_1_203' title='bbox 586 2981 705 3046; x_wconf 85' lang='lat' dir='ltr'><strong>exstrui</strong></span> <span class='ocrx_word' id='word_1_204' title='bbox 729 2999 786 3045; x_wconf 90' lang='lat' dir='ltr'><strong>suo</strong></span> <span class='ocrx_word' id='word_1_205' title='bbox 809 2981 936 3046; x_wconf 90' lang='lat' dir='ltr'><strong>nomine</strong></span> <span class='ocrx_word' id='word_1_206' title='bbox 957 2980 1066 3047; x_wconf 90' lang='lat' dir='ltr'><strong>iubere</strong></span> <span class='ocrx_word' id='word_1_207' title='bbox 1081 2987 1201 3066; x_wconf 90' lang='lat' dir='ltr'><strong>posset.</strong></span> <span class='ocrx_word' id='word_1_208' title='bbox 1238 2981 1330 3046; x_wconf 90' lang='lat' dir='ltr'><strong>Unde</strong></span> 
     </span>
     <span class='ocr_line' id='line_1_26' title="bbox 194 3081 1329 3178; baseline 0.001 -30"><span class='ocrx_word' id='word_1_209' title='bbox 194 3081 330 3148; x_wconf 88' lang='lat' dir='ltr'><strong>eundem</strong></span> <span class='ocrx_word' id='word_1_210' title='bbox 347 3082 542 3149; x_wconf 86' lang='lat' dir='ltr'><strong>Koeblerum</strong></span> <span class='ocrx_word' id='word_1_211' title='bbox 564 3084 628 3150; x_wconf 88' lang='lat' dir='ltr'><strong>alio</strong></span> <span class='ocrx_word' id='word_1_212' title='bbox 651 3104 776 3169; x_wconf 92' lang='lat' dir='ltr'><strong>quoque</strong></span> <span class='ocrx_word' id='word_1_213' title='bbox 800 3085 869 3150; x_wconf 90' lang='lat' dir='ltr'><strong>loco</strong></span> <span class='ocrx_word' id='word_1_214' title='bbox 885 3104 1010 3151; x_wconf 87' lang='lat' dir='ltr'><strong>errasse</strong></span> <span class='ocrx_word' id='word_1_215' title='bbox 1026 3104 1156 3178; x_wconf 75' lang='lat' dir='ltr'><strong>censeo:</strong></span> <span class='ocrx_word' id='word_1_216' title='bbox 1187 3085 1329 3168; x_wconf 87' lang='lat' dir='ltr'><strong>quicum</strong></span> 
     </span>
     <span class='ocr_line' id='line_1_27' title="bbox 194 3187 1326 3274; baseline 0.004 -25"><span class='ocrx_word' id='word_1_217' title='bbox 194 3187 332 3252; x_wconf 88' lang='lat' dir='ltr'><strong>Hermae</strong></span> <span class='ocrx_word' id='word_1_218' title='bbox 364 3188 427 3252; x_wconf 92' lang='lat' dir='ltr'><strong>vol.</strong></span> <span class='ocrx_word' id='word_1_219' title='bbox 452 3188 484 3251; x_wconf 94' lang='lat' dir='ltr'><strong>ll</strong></span> <span class='ocrx_word' id='word_1_220' title='bbox 508 3192 542 3252; x_wconf 82' lang='lat'><strong>21</strong></span> <span class='ocrx_word' id='word_1_221' title='bbox 571 3208 620 3272; x_wconf 91' lang='lat' dir='ltr'><strong>sq.</strong></span> <span class='ocrx_word' id='word_1_222' title='bbox 643 3189 728 3254; x_wconf 91' lang='lat' dir='ltr'><strong>tituli</strong></span> <span class='ocrx_word' id='word_1_223' title='bbox 750 3188 963 3272; x_wconf 81' lang='lat' dir='ltr'><strong>fragmentum</strong></span> <span class='ocrx_word' id='word_1_224' title='bbox 986 3189 1107 3274; x_wconf 90' lang='lat' dir='ltr'><strong>publici</strong></span> <span class='ocrx_word' id='word_1_225' title='bbox 1140 3189 1218 3255; x_wconf 89' lang='lat' dir='ltr'><strong>iuris</strong></span> <span class='ocrx_word' id='word_1_226' title='bbox 1241 3187 1326 3270; x_wconf 79' lang='lat' dir='ltr'><strong>fecit,</strong></span> 
     </span>
     <span class='ocr_line' id='line_1_28' title="bbox 194 3290 1325 3376; baseline 0.004 -24"><span class='ocrx_word' id='word_1_227' title='bbox 194 3290 248 3371; x_wconf 89' lang='lat' dir='ltr'><strong>qui</strong></span> <span class='ocrx_word' id='word_1_228' title='bbox 271 3290 424 3355; x_wconf 88' lang='lat' dir='ltr'><strong>rationem</strong></span> <span class='ocrx_word' id='word_1_229' title='bbox 448 3291 488 3356; x_wconf 89' lang='lat' dir='ltr'><strong>de</strong></span> <span class='ocrx_word' id='word_1_230' title='bbox 511 3292 691 3358; x_wconf 81' lang='lat' dir='ltr'><strong>Erechtheo</strong></span> <span class='ocrx_word' id='word_1_231' title='bbox 721 3299 793 3376; x_wconf 91' lang='lat' dir='ltr'><strong>post</strong></span> <span class='ocrx_word' id='word_1_232' title='bbox 822 3291 1004 3358; x_wconf 90' lang='lat' dir='ltr'><strong>incendium</strong></span> <span class='ocrx_word' id='word_1_233' title='bbox 1033 3293 1118 3376; x_wconf 90' lang='lat' dir='ltr'><strong>(anni</strong></span> <span class='ocrx_word' id='word_1_234' title='bbox 1140 3292 1190 3358; x_wconf 91' lang='lat' dir='ltr'><strong>Ol.</strong></span> <span class='ocrx_word' id='word_1_235' title='bbox 1217 3295 1269 3374; x_wconf 83' lang='lat'><strong>93,</strong></span> <span class='ocrx_word' id='word_1_236' title='bbox 1297 3297 1325 3376; x_wconf 76' lang='lat'><strong>3)</strong></span> 
     </span>
     <span class='ocr_line' id='line_1_29' title="bbox 194 3395 1331 3483; baseline 0.001 -26"><span class='ocrx_word' id='word_1_237' title='bbox 194 3401 344 3459; x_wconf 88' lang='lat' dir='ltr'><strong>renovato</strong></span> <span class='ocrx_word' id='word_1_238' title='bbox 371 3395 526 3476; x_wconf 90' lang='lat' dir='ltr'><strong>continet,</strong></span> <span class='ocrx_word' id='word_1_239' title='bbox 560 3395 614 3460; x_wconf 92' lang='lat' dir='ltr'><strong>ubi</strong></span> <span class='ocrx_word' id='word_1_240' title='bbox 637 3401 712 3462; x_wconf 85' lang='lat' dir='ltr'><strong>v.5</strong></span> <span class='ocrx_word' id='word_1_241' title='bbox 746 3397 946 3480; x_wconf 83' lang='lat' dir='ltr'><strong>agnoscitur:</strong></span> <span class='ocrx_word' id='word_1_242' title='bbox 984 3399 1251 3483; x_wconf 62' lang='lat' dir='ltr'><strong>[prplprcepe‘vqg</strong></span> <span class='ocrx_word' id='word_1_243' title='bbox 1274 3403 1331 3483; x_wconf 72' lang='grc' dir='ltr'><strong>της</strong></span> 
     </span>
     <span class='ocr_line' id='line_1_30' title="bbox 194 3496 1330 3583; baseline 0.007 -26"><span class='ocrx_word' id='word_1_244' title='bbox 194 3496 341 3583; x_wconf 57' lang='grc' dir='ltr'><strong><em>μηουληςζ</em></strong></span> <span class='ocrx_word' id='word_1_245' title='bbox 371 3547 377 3557; x_wconf 91' lang='grc'><em>.</em></span> <span class='ocrx_word' id='word_1_246' title='bbox 402 3548 434 3578; x_wconf 85' lang='grc'><strong>.,</strong></span> <span class='ocrx_word' id='word_1_247' title='bbox 482 3497 559 3564; x_wconf 92' lang='lat' dir='ltr'><strong>inde</strong></span> <span class='ocrx_word' id='word_1_248' title='bbox 593 3499 723 3582; x_wconf 86' lang='lat' dir='ltr'><strong>collegit</strong></span> <span class='ocrx_word' id='word_1_249' title='bbox 761 3500 844 3564; x_wconf 90' lang='lat' dir='ltr'><strong>banc</strong></span> <span class='ocrx_word' id='word_1_250' title='bbox 882 3499 995 3565; x_wconf 90' lang='lat' dir='ltr'><strong>aedem</strong></span> <span class='ocrx_word' id='word_1_251' title='bbox 1029 3500 1201 3566; x_wconf 85' lang='lat' dir='ltr'><strong>restaurari</strong></span> <span class='ocrx_word' id='word_1_252' title='bbox 1234 3521 1330 3566; x_wconf 89' lang='lat' dir='ltr'><strong>sena-</strong></span> 
     </span>
     <span class='ocr_line' id='line_1_31' title="bbox 193 3601 1330 3686; baseline 0.005 -23"><span class='ocrx_word' id='word_1_253' title='bbox 193 3605 260 3664; x_wconf 88' lang='lat' dir='ltr'><strong>tum</strong></span> <span class='ocrx_word' id='word_1_254' title='bbox 283 3619 341 3665; x_wconf 86' lang='lat' dir='ltr'><strong>suo</strong></span> <span class='ocrx_word' id='word_1_255' title='bbox 364 3601 491 3666; x_wconf 91' lang='lat' dir='ltr'><strong>nomine</strong></span> <span class='ocrx_word' id='word_1_256' title='bbox 513 3601 659 3668; x_wconf 87' lang='lat' dir='ltr'><strong>iussisse.</strong></span> <span class='ocrx_word' id='word_1_257' title='bbox 703 3601 769 3668; x_wconf 86' lang='lat' dir='ltr'><strong>Sed</strong></span> <span class='ocrx_word' id='word_1_258' title='bbox 791 3604 938 3686; x_wconf 88' lang='lat' dir='ltr'><strong>quamvis</strong></span> <span class='ocrx_word' id='word_1_259' title='bbox 961 3603 1122 3686; x_wconf 90' lang='lat' dir='ltr'><strong>adquam</strong></span> <span class='ocrx_word' id='word_1_260' title='bbox 1145 3625 1211 3670; x_wconf 90' lang='lat' dir='ltr'><strong>rem</strong></span> <span class='ocrx_word' id='word_1_261' title='bbox 1234 3625 1330 3670; x_wconf 89' lang='lat' dir='ltr'><strong>sena-</strong></span> 
     </span>
     <span class='ocr_line' id='line_1_32' title="bbox 194 3704 1330 3792; baseline 0.005 -26"><span class='ocrx_word' id='word_1_262' title='bbox 194 3709 246 3767; x_wconf 89' lang='lat' dir='ltr'><strong>tus</strong></span> <span class='ocrx_word' id='word_1_263' title='bbox 277 3704 455 3770; x_wconf 88' lang='lat' dir='ltr'><strong>consultum</strong></span> <span class='ocrx_word' id='word_1_264' title='bbox 490 3706 684 3790; x_wconf 87' lang='lat' dir='ltr'><strong>spectaverit</strong></span> <span class='ocrx_word' id='word_1_265' title='bbox 713 3727 753 3773; x_wconf 81' lang='lat' dir='ltr'><strong>ex</strong></span> <span class='ocrx_word' id='word_1_266' title='bbox 784 3707 894 3792; x_wconf 91' lang='lat' dir='ltr'><strong>lapide</strong></span> <span class='ocrx_word' id='word_1_267' title='bbox 925 3707 1019 3772; x_wconf 89' lang='lat' dir='ltr'><strong>valde</strong></span> <span class='ocrx_word' id='word_1_268' title='bbox 1049 3707 1160 3773; x_wconf 90' lang='lat' dir='ltr'><strong>mutilo</strong></span> <span class='ocrx_word' id='word_1_269' title='bbox 1183 3707 1330 3792; x_wconf 86' lang='lat' dir='ltr'><strong>cognosci</strong></span> 
     </span>
     <span class='ocr_line' id='line_1_33' title="bbox 195 3809 1330 3898; baseline 0.005 -28"><span class='ocrx_word' id='word_1_270' title='bbox 195 3815 348 3890; x_wconf 84' lang='lat' dir='ltr'><strong>nequeat,</strong></span> <span class='ocrx_word' id='word_1_271' title='bbox 380 3815 488 3874; x_wconf 87' lang='lat' dir='ltr'><strong>tamen</strong></span> <span class='ocrx_word' id='word_1_272' title='bbox 512 3817 546 3874; x_wconf 90' lang='lat' dir='ltr'><strong>ut</strong></span> <span class='ocrx_word' id='word_1_273' title='bbox 567 3809 780 3876; x_wconf 83' lang='lat' dir='ltr'><strong>Erechtheum</strong></span> <span class='ocrx_word' id='word_1_274' title='bbox 804 3819 1011 3878; x_wconf 89' lang='lat' dir='ltr'><strong>renovaretur</strong></span> <span class='ocrx_word' id='word_1_275' title='bbox 1034 3812 1185 3898; x_wconf 90' lang='lat' dir='ltr'><strong>populum</strong></span> <span class='ocrx_word' id='word_1_276' title='bbox 1208 3817 1330 3878; x_wconf 88' lang='lat' dir='ltr'><strong>tantum</strong></span> 
     </span>
     <span class='ocr_line' id='line_1_34' title="bbox 196 3911 885 3997; baseline 0.003 -22"><span class='ocrx_word' id='word_1_277' title='bbox 196 3911 322 3978; x_wconf 86' lang='lat' dir='ltr'><strong>edicere</strong></span> <span class='ocrx_word' id='word_1_278' title='bbox 346 3912 488 3997; x_wconf 86' lang='lat' dir='ltr'><strong>potuisse</strong></span> <span class='ocrx_word' id='word_1_279' title='bbox 510 3931 699 3997; x_wconf 85' lang='lat' dir='ltr'><strong>persuasum</strong></span> <span class='ocrx_word' id='word_1_280' title='bbox 723 3914 801 3980; x_wconf 92' lang='lat' dir='ltr'><strong>mihi</strong></span> <span class='ocrx_word' id='word_1_281' title='bbox 824 3921 885 3980; x_wconf 88' lang='lat' dir='ltr'><strong>est.</strong></span> 
     </span>
    </p>
   </div>
   <div class='ocr_carea' id='block_1_3' title="bbox 194 4015 1333 4417">
    <p class='ocr_par' dir='ltr' id='par_1_5' title="bbox 194 4015 1333 4417">
     <span class='ocr_line' id='line_1_35' title="bbox 281 4015 1329 4105; baseline 0.006 -25"><span class='ocrx_word' id='word_1_282' title='bbox 281 4015 384 4082; x_wconf 87' lang='lat' dir='ltr'><strong>Aliter</strong></span> <span class='ocrx_word' id='word_1_283' title='bbox 406 4036 457 4082; x_wconf 90' lang='lat' dir='ltr'><strong>res</strong></span> <span class='ocrx_word' id='word_1_284' title='bbox 480 4037 514 4082; x_wconf 90' lang='lat' dir='ltr'><strong>se</strong></span> <span class='ocrx_word' id='word_1_285' title='bbox 531 4017 629 4083; x_wconf 91' lang='lat' dir='ltr'><strong>babet</strong></span> <span class='ocrx_word' id='word_1_286' title='bbox 644 4018 678 4084; x_wconf 84' lang='lat' dir='ltr'><strong>O.</strong></span> <span class='ocrx_word' id='word_1_287' title='bbox 699 4019 723 4082; x_wconf 94' lang='lat' dir='ltr'><strong>l.</strong></span> <span class='ocrx_word' id='word_1_288' title='bbox 743 4020 782 4083; x_wconf 92' lang='lat' dir='ltr'><strong>A.</strong></span> <span class='ocrx_word' id='word_1_289' title='bbox 803 4019 948 4084; x_wconf 81' lang='grc'><strong>1148911</strong></span> <span class='ocrx_word' id='word_1_290' title='bbox 969 4019 1053 4103; x_wconf 78' lang='lat' dir='ltr'><strong>(add.</strong></span> <span class='ocrx_word' id='word_1_291' title='bbox 1073 4041 1105 4105; x_wconf 93' lang='lat' dir='ltr'><strong>p.</strong></span> <span class='ocrx_word' id='word_1_292' title='bbox 1125 4023 1213 4104; x_wconf 79' lang='lat'><strong>420),</strong></span> <span class='ocrx_word' id='word_1_293' title='bbox 1235 4041 1329 4105; x_wconf 89' lang='lat' dir='ltr'><strong>quem</strong></span> 
     </span>
     <span class='ocr_line' id='line_1_36' title="bbox 195 4119 1330 4205; baseline 0.005 -22"><span class='ocrx_word' id='word_1_294' title='bbox 195 4119 320 4185; x_wconf 87' lang='lat' dir='ltr'><strong>titulum</strong></span> <span class='ocrx_word' id='word_1_295' title='bbox 345 4119 524 4186; x_wconf 88' lang='lat' dir='ltr'><strong>Koeblerue</strong></span> <span class='ocrx_word' id='word_1_296' title='bbox 547 4121 649 4205; x_wconf 88' lang='lat' dir='ltr'><strong>primo</strong></span> <span class='ocrx_word' id='word_1_297' title='bbox 674 4143 704 4188; x_wconf 91' lang='lat' dir='ltr'><strong>a.</strong></span> <span class='ocrx_word' id='word_1_298' title='bbox 731 4121 790 4188; x_wconf 83' lang='lat' dir='ltr'><strong>Ob.</strong></span> <span class='ocrx_word' id='word_1_299' title='bbox 816 4123 947 4189; x_wconf 89' lang='lat' dir='ltr'><strong>saeculo</strong></span> <span class='ocrx_word' id='word_1_300' title='bbox 969 4123 1124 4190; x_wconf 89' lang='lat' dir='ltr'><strong>attribuit.</strong></span> <span class='ocrx_word' id='word_1_301' title='bbox 1160 4125 1330 4190; x_wconf 89' lang='lat' dir='ltr'><strong>Decretum</strong></span> 
     </span>
     <span class='ocr_line' id='line_1_37' title="bbox 194 4222 1331 4312; baseline 0.005 -27"><span class='ocrx_word' id='word_1_302' title='bbox 194 4231 243 4286; x_wconf 88' lang='lat' dir='ltr'><strong>est</strong></span> <span class='ocrx_word' id='word_1_303' title='bbox 272 4222 312 4288; x_wconf 85' lang='lat' dir='ltr'><strong>‹lc</strong></span> <span class='ocrx_word' id='word_1_304' title='bbox 346 4223 556 4288; x_wconf 85' lang='lat' dir='ltr'><strong>restaurando</strong></span> <span class='ocrx_word' id='word_1_305' title='bbox 579 4225 701 4290; x_wconf 90' lang='lat' dir='ltr'><strong>sacello</strong></span> <span class='ocrx_word' id='word_1_306' title='bbox 724 4225 908 4309; x_wconf 86' lang='lat' dir='ltr'><strong>Aesculapii</strong></span> <span class='ocrx_word' id='word_1_307' title='bbox 937 4234 970 4292; x_wconf 90' lang='lat' dir='ltr'><strong>et</strong></span> <span class='ocrx_word' id='word_1_308' title='bbox 991 4227 1137 4312; x_wconf 82' lang='lat' dir='ltr'><strong>Hygieae</strong></span> <span class='ocrx_word' id='word_1_309' title='bbox 1171 4235 1331 4294; x_wconf 87' lang='lat' dir='ltr'><strong>asenatu</strong></span> 
     </span>
     <span class='ocr_line' id='line_1_38' title="bbox 196 4323 1333 4417; baseline 0.008 -30"><span class='ocrx_word' id='word_1_310' title='bbox 196 4323 327 4404; x_wconf 82' lang='lat' dir='ltr'><strong>factum,</strong></span> <span class='ocrx_word' id='word_1_311' title='bbox 354 4335 523 4410; x_wconf 86' lang='lat' dir='ltr'><strong>postquam</strong></span> <span class='ocrx_word' id='word_1_312' title='bbox 547 4329 696 4394; x_wconf 85' lang='lat' dir='ltr'><strong>sacerdos</strong></span> <span class='ocrx_word' id='word_1_313' title='bbox 719 4331 882 4395; x_wconf 91' lang='lat' dir='ltr'><strong>numinum</strong></span> <span class='ocrx_word' id='word_1_314' title='bbox 906 4331 1030 4397; x_wconf 90' lang='lat' dir='ltr'><strong>illorum</strong></span> <span class='ocrx_word' id='word_1_315' title='bbox 1054 4331 1095 4396; x_wconf 89' lang='lat' dir='ltr'><strong>ab</strong></span> <span class='ocrx_word' id='word_1_316' title='bbox 1119 4351 1156 4396; x_wconf 87' lang='lat' dir='ltr'><strong>eo</strong></span> <span class='ocrx_word' id='word_1_317' title='bbox 1172 4333 1274 4417; x_wconf 85' lang='lat' dir='ltr'><strong>petiit,</strong></span> <span class='ocrx_word' id='word_1_318' title='bbox 1299 4341 1333 4396; x_wconf 93' lang='lat' dir='ltr'><strong>nt</strong></span> 
     </span>
    </p>
   </div>
   <div class='ocr_carea' id='block_1_4' title="bbox 0 0 1646 4934">
    <p class='ocr_par' dir='ltr' id='par_1_6' title="bbox 0 0 1646 4934">
     <span class='ocr_line' id='line_1_39' title="bbox 0 0 1646 4934; baseline 0 0"><span class='ocrx_word' id='word_1_319' title='bbox 0 0 1646 4934; x_wconf 95' lang='lat' dir='ltr'><strong> </strong></span> 
     </span>
    </p>
   </div>
  </div>
 </body>
</html>
