<?xml version="1.0" encoding="UTF-8"?>
<!DOCTYPE html PUBLIC "-//W3C//DTD XHTML 1.0 Transitional//EN"
    "http://www.w3.org/TR/xhtml1/DTD/xhtml1-transitional.dtd">
<html xmlns="http://www.w3.org/1999/xhtml" xml:lang="en" lang="en">
 <head>
  <title>
</title>
<meta http-equiv="Content-Type" content="text/html;charset=utf-8" />
  <meta name='ocr-system' content='tesseract 3.04.00' />
  <meta name='ocr-capabilities' content='ocr_page ocr_carea ocr_par ocr_line ocrx_word'/>
</head>
<body>
  <div class='ocr_page' id='page_1' title='image "./dissertationesp02stragoog_0291.png"; bbox 0 0 3274 4934; ppageno 0'>
   <div class='ocr_carea' id='block_1_1' title="bbox 753 343 946 406">
    <p class='ocr_par' dir='ltr' id='par_1_1' title="bbox 753 343 946 406">
     <span class='ocr_line' id='line_1_1' title="bbox 753 343 946 406; baseline 0 -17"><span class='ocrx_word' id='word_1_1' title='bbox 753 343 946 406; x_wconf 75' lang='lat' dir='ltr'>..g-</span> 
     </span>
    </p>
   </div>
   <div class='ocr_carea' id='block_1_2' title="bbox 282 531 1423 3620">
    <p class='ocr_par' dir='ltr' id='par_1_2' title="bbox 282 531 1423 3620">
     <span class='ocr_line' id='line_1_2' title="bbox 282 531 1416 618; baseline 0.001 -22"><span class='ocrx_word' id='word_1_2' title='bbox 282 531 418 615; x_wconf 87' lang='lat' dir='ltr'>positum</span> <span class='ocrx_word' id='word_1_3' title='bbox 435 549 506 598; x_wconf 86' lang='lat' dir='ltr'>esse</span> <span class='ocrx_word' id='word_1_4' title='bbox 522 531 622 598; x_wconf 90' lang='lat' dir='ltr'>lector</span> <span class='ocrx_word' id='word_1_5' title='bbox 639 531 833 616; x_wconf 87' lang='lat' dir='ltr'>intellegens</span> <span class='ocrx_word' id='word_1_6' title='bbox 855 539 1035 615; x_wconf 87' lang='lat' dir='ltr'>eognoscat.</span> <span class='ocrx_word' id='word_1_7' title='bbox 1074 532 1257 618; x_wconf 79' lang='lat' dir='ltr'>scripturae</span> <span class='ocrx_word' id='word_1_8' title='bbox 1282 535 1416 600; x_wconf 71' lang='lat' dir='ltr'>acillo</span> 
     </span>
     <span class='ocr_line' id='line_1_3' title="bbox 283 635 1417 723; baseline 0.005 -25"><span class='ocrx_word' id='word_1_9' title='bbox 283 635 373 699; x_wconf 90' lang='lat' dir='ltr'>nulla</span> <span class='ocrx_word' id='word_1_10' title='bbox 387 635 461 700; x_wconf 89' lang='lat' dir='ltr'>novi</span> <span class='ocrx_word' id='word_1_11' title='bbox 477 636 644 720; x_wconf 85' lang='lat' dir='ltr'>exempla;</span> <span class='ocrx_word' id='word_1_12' title='bbox 664 643 772 701; x_wconf 83' lang='lat' dir='ltr'>contra</span> <span class='ocrx_word' id='word_1_13' title='bbox 788 657 818 700; x_wconf 91' lang='lat' dir='ltr'>v.</span> <span class='ocrx_word' id='word_1_14' title='bbox 831 642 849 700; x_wconf 83' lang='lat'>5</span> <span class='ocrx_word' id='word_1_15' title='bbox 864 635 899 701; x_wconf 93' lang='lat' dir='ltr'>in</span> <span class='ocrx_word' id='word_1_16' title='bbox 915 656 992 702; x_wconf 87' lang='lat' dir='ltr'>voce</span> <span class='ocrx_word' id='word_1_17' title='bbox 1007 637 1184 722; x_wconf 80' lang='grc' dir='ltr'><strong><em>μελίρντος</em></strong></span> <span class='ocrx_word' id='word_1_18' title='bbox 1200 637 1276 703; x_wconf 92' lang='lat' dir='ltr'>licet</span> <span class='ocrx_word' id='word_1_19' title='bbox 1290 639 1417 723; x_wconf 81' lang='lat' dir='ltr'>syllaba</span> 
     </span>
     <span class='ocr_line' id='line_1_4' title="bbox 282 739 1417 827; baseline 0.005 -25"><span class='ocrx_word' id='word_1_20' title='bbox 282 739 556 822; x_wconf 87' lang='lat' dir='ltr'>antepaenultima</span> <span class='ocrx_word' id='word_1_21' title='bbox 570 746 686 805; x_wconf 87' lang='lat' dir='ltr'>natura</span> <span class='ocrx_word' id='word_1_22' title='bbox 708 739 815 806; x_wconf 88' lang='lat' dir='ltr'>brevis</span> <span class='ocrx_word' id='word_1_23' title='bbox 834 747 934 806; x_wconf 88' lang='lat' dir='ltr'>metro</span> <span class='ocrx_word' id='word_1_24' title='bbox 956 739 1158 823; x_wconf 81' lang='lat' dir='ltr'>producatur,</span> <span class='ocrx_word' id='word_1_25' title='bbox 1185 748 1294 807; x_wconf 84' lang='lat' dir='ltr'><strong>auctor</strong></span> <span class='ocrx_word' id='word_1_26' title='bbox 1314 744 1417 827; x_wconf 86' lang='lat' dir='ltr'>gemi-</span> 
     </span>
     <span class='ocr_line' id='line_1_5' title="bbox 283 840 1418 928; baseline 0.005 -22"><span class='ocrx_word' id='word_1_27' title='bbox 283 842 443 908; x_wconf 90' lang='lat' dir='ltr'>nationem</span> <span class='ocrx_word' id='word_1_28' title='bbox 459 843 614 926; x_wconf 82' lang='lat' dir='ltr'>neglexit.</span> <span class='ocrx_word' id='word_1_29' title='bbox 647 843 685 908; x_wconf 91' lang='lat' dir='ltr'>V.</span> <span class='ocrx_word' id='word_1_30' title='bbox 705 849 722 905; x_wconf 99' lang='grc'>4</span> <span class='ocrx_word' id='word_1_31' title='bbox 740 862 811 908; x_wconf 91' lang='lat' dir='ltr'>cum</span> <span class='ocrx_word' id='word_1_32' title='bbox 827 843 963 928; x_wconf 85' lang='lat' dir='ltr'>Lepsios</span> <span class='ocrx_word' id='word_1_33' title='bbox 982 851 1056 910; x_wconf 87' lang='lat' dir='ltr'>ante</span> <span class='ocrx_word' id='word_1_34' title='bbox 1073 840 1348 910; x_wconf 76' lang='lat' dir='ltr'>YTOYPl&#39;lth</span> <span class='ocrx_word' id='word_1_35' title='bbox 1365 847 1418 912; x_wconf 94' lang='lat' dir='ltr'>lit-</span> 
     </span>
     <span class='ocr_line' id='line_1_6' title="bbox 282 929 1415 1030; baseline 0.004 -20"><span class='ocrx_word' id='word_1_36' title='bbox 282 953 383 1012; x_wconf 92' lang='lat' dir='ltr'>teram</span> <span class='ocrx_word' id='word_1_37' title='bbox 394 965 518 1011; x_wconf 83' lang='lat' dir='ltr'>erasum</span> <span class='ocrx_word' id='word_1_38' title='bbox 530 946 699 1027; x_wconf 88' lang='lat' dir='ltr'>notaverit,</span> <span class='ocrx_word' id='word_1_39' title='bbox 709 946 743 1010; x_wconf 92' lang='lat' dir='ltr'>in</span> <span class='ocrx_word' id='word_1_40' title='bbox 752 946 861 1030; x_wconf 88' lang='lat' dir='ltr'>lapide</span> <span class='ocrx_word' id='word_1_41' title='bbox 870 929 1108 1028; x_wconf 57' lang='lat' dir='ltr'>litterasssatis</span> <span class='ocrx_word' id='word_1_42' title='bbox 1118 948 1203 1013; x_wconf 88' lang='lat' dir='ltr'>clare</span> <span class='ocrx_word' id='word_1_43' title='bbox 1213 947 1415 1015; x_wconf 88' lang='lat' dir='ltr'>discernitur.</span> 
     </span>
     <span class='ocr_line' id='line_1_7' title="bbox 283 1049 1418 1135; baseline 0.003 -20"><span class='ocrx_word' id='word_1_44' title='bbox 283 1049 396 1133; x_wconf 87' lang='lat' dir='ltr'>Neque</span> <span class='ocrx_word' id='word_1_45' title='bbox 411 1049 522 1134; x_wconf 88' lang='lat' dir='ltr'>inepta</span> <span class='ocrx_word' id='word_1_46' title='bbox 538 1053 744 1135; x_wconf 79' lang='grc' dir='ltr'><strong><em>φντοοργίας</em></strong></span> <span class='ocrx_word' id='word_1_47' title='bbox 757 1049 877 1134; x_wconf 81' lang='lat' dir='ltr'>imago,</span> <span class='ocrx_word' id='word_1_48' title='bbox 896 1071 960 1133; x_wconf 90' lang='lat' dir='ltr'>qua</span> <span class='ocrx_word' id='word_1_49' title='bbox 974 1069 1154 1135; x_wconf 85' lang='lat' dir='ltr'>perversus</span> <span class='ocrx_word' id='word_1_50' title='bbox 1169 1057 1234 1117; x_wconf 88' lang='lat' dir='ltr'>tres</span> <span class='ocrx_word' id='word_1_51' title='bbox 1247 1059 1418 1135; x_wconf 86' lang='lat' dir='ltr'>sequentes</span> 
     </span>
     <span class='ocr_line' id='line_1_8' title="bbox 284 1150 1420 1238; baseline 0.003 -20"><span class='ocrx_word' id='word_1_52' title='bbox 284 1153 460 1218; x_wconf 90' lang='lat' dir='ltr'>litterarum</span> <span class='ocrx_word' id='word_1_53' title='bbox 477 1150 744 1219; x_wconf 80' lang='lat' dir='ltr'>distributionum</span> <span class='ocrx_word' id='word_1_54' title='bbox 760 1155 907 1219; x_wconf 89' lang='lat' dir='ltr'>arborum</span> <span class='ocrx_word' id='word_1_55' title='bbox 918 1153 1091 1236; x_wconf 85' lang='lat' dir='ltr'>ordinibus,</span> <span class='ocrx_word' id='word_1_56' title='bbox 1107 1156 1219 1238; x_wconf 89' lang='lat' dir='ltr'>quales</span> <span class='ocrx_word' id='word_1_57' title='bbox 1234 1155 1268 1220; x_wconf 93' lang='lat' dir='ltr'>in</span> <span class='ocrx_word' id='word_1_58' title='bbox 1279 1155 1420 1221; x_wconf 86' lang='lat' dir='ltr'>semina-</span> 
     </span>
     <span class='ocr_line' id='line_1_9' title="bbox 285 1256 1419 1343; baseline 0.006 -23"><span class='ocrx_word' id='word_1_59' title='bbox 285 1256 343 1321; x_wconf 88' lang='lat' dir='ltr'>riis</span> <span class='ocrx_word' id='word_1_60' title='bbox 350 1257 391 1320; x_wconf 91' lang='lat' dir='ltr'>ab</span> <span class='ocrx_word' id='word_1_61' title='bbox 400 1256 560 1321; x_wconf 90' lang='lat' dir='ltr'>hortorum</span> <span class='ocrx_word' id='word_1_62' title='bbox 569 1256 744 1323; x_wconf 87' lang='lat' dir='ltr'>cultoribus</span> <span class='ocrx_word' id='word_1_63' title='bbox 752 1257 968 1338; x_wconf 88' lang='lat' dir='ltr'>instituuntur,</span> <span class='ocrx_word' id='word_1_64' title='bbox 981 1261 1284 1343; x_wconf 75' lang='lat' dir='ltr'>comparatur—V.</span> <span class='ocrx_word' id='word_1_65' title='bbox 1294 1261 1419 1327; x_wconf 89' lang='lat' dir='ltr'>5verha</span> 
     </span>
     <span class='ocr_line' id='line_1_10' title="bbox 287 1353 1420 1447; baseline 0.006 -23"><span class='ocrx_word' id='word_1_66' title='bbox 287 1357 322 1424; x_wconf 80' lang='grc' dir='ltr'>ἐκ</span> <span class='ocrx_word' id='word_1_67' title='bbox 343 1366 452 1446; x_wconf 76' lang='grc' dir='ltr'><em>πηγῆς</em></span> <span class='ocrx_word' id='word_1_68' title='bbox 475 1358 516 1423; x_wconf 88' lang='lat' dir='ltr'>ad</span> <span class='ocrx_word' id='word_1_69' title='bbox 531 1357 740 1445; x_wconf 77' lang='grc' dir='ltr'><em>χειραγωγὸν</em></span> <span class='ocrx_word' id='word_1_70' title='bbox 754 1353 860 1447; x_wconf 81' lang='grc' dir='ltr'><strong><em>ἀρχήν</em></strong></span> <span class='ocrx_word' id='word_1_71' title='bbox 875 1367 932 1425; x_wconf 90' lang='lat' dir='ltr'>v.l</span> <span class='ocrx_word' id='word_1_72' title='bbox 953 1361 1110 1447; x_wconf 85' lang='lat' dir='ltr'>respicere</span> <span class='ocrx_word' id='word_1_73' title='bbox 1125 1368 1223 1447; x_wconf 85' lang='lat' dir='ltr'>petet.</span> <span class='ocrx_word' id='word_1_74' title='bbox 1254 1363 1420 1431; x_wconf 82' lang='lat' dir='ltr'>Sententia</span> 
     </span>
     <span class='ocr_line' id='line_1_11' title="bbox 286 1464 1418 1550; baseline 0.004 -22"><span class='ocrx_word' id='word_1_75' title='bbox 286 1469 458 1530; x_wconf 75' lang='lat' dir='ltr'>antemos.</span> <span class='ocrx_word' id='word_1_76' title='bbox 477 1465 560 1527; x_wconf 84' lang='grc'>7-9</span> <span class='ocrx_word' id='word_1_77' title='bbox 582 1482 738 1548; x_wconf 82' lang='lat' dir='ltr'>expressa</span> <span class='ocrx_word' id='word_1_78' title='bbox 758 1464 866 1549; x_wconf 91' lang='lat' dir='ltr'>paullo</span> <span class='ocrx_word' id='word_1_79' title='bbox 888 1464 1051 1531; x_wconf 88' lang='lat' dir='ltr'>ohscurior</span> <span class='ocrx_word' id='word_1_80' title='bbox 1065 1471 1124 1530; x_wconf 86' lang='lat' dir='ltr'>est.</span> <span class='ocrx_word' id='word_1_81' title='bbox 1157 1467 1200 1532; x_wconf 87' lang='lat' dir='ltr'>Ni</span> <span class='ocrx_word' id='word_1_82' title='bbox 1216 1465 1319 1550; x_wconf 85' lang='lat' dir='ltr'>fallor,</span> <span class='ocrx_word' id='word_1_83' title='bbox 1347 1488 1418 1533; x_wconf 94' lang='lat' dir='ltr'>cnm</span> 
     </span>
     <span class='ocr_line' id='line_1_12' title="bbox 287 1566 1421 1652; baseline 0.006 -22"><span class='ocrx_word' id='word_1_84' title='bbox 287 1573 436 1650; x_wconf 87' lang='lat' dir='ltr'>quattuor</span> <span class='ocrx_word' id='word_1_85' title='bbox 449 1567 524 1632; x_wconf 91' lang='lat' dir='ltr'>illae</span> <span class='ocrx_word' id='word_1_86' title='bbox 546 1587 641 1632; x_wconf 85' lang='lat' dir='ltr'>areae</span> <span class='ocrx_word' id='word_1_87' title='bbox 663 1573 772 1651; x_wconf 86' lang='lat' dir='ltr'>partes</span> <span class='ocrx_word' id='word_1_88' title='bbox 786 1566 827 1634; x_wconf 89' lang='lat' dir='ltr'>de</span> <span class='ocrx_word' id='word_1_89' title='bbox 849 1567 965 1650; x_wconf 87' lang='lat' dir='ltr'>quibus</span> <span class='ocrx_word' id='word_1_90' title='bbox 988 1587 1084 1652; x_wconf 84' lang='lat' dir='ltr'>supra</span> <span class='ocrx_word' id='word_1_91' title='bbox 1106 1568 1245 1635; x_wconf 82' lang='lat' dir='ltr'>diximus</span> <span class='ocrx_word' id='word_1_92' title='bbox 1268 1572 1421 1638; x_wconf 80' lang='lat' dir='ltr'>electore</span> 
     </span>
     <span class='ocr_line' id='line_1_13' title="bbox 287 1669 1419 1755; baseline 0.005 -21"><span class='ocrx_word' id='word_1_93' title='bbox 287 1670 388 1755; x_wconf 89' lang='lat' dir='ltr'>primo</span> <span class='ocrx_word' id='word_1_94' title='bbox 409 1670 565 1755; x_wconf 89' lang='lat' dir='ltr'>adspectu</span> <span class='ocrx_word' id='word_1_95' title='bbox 587 1670 682 1736; x_wconf 90' lang='lat' dir='ltr'>facile</span> <span class='ocrx_word' id='word_1_96' title='bbox 705 1669 1001 1754; x_wconf 86' lang='lat' dir='ltr'>deprehendantur,</span> <span class='ocrx_word' id='word_1_97' title='bbox 1034 1679 1144 1738; x_wconf 83' lang='lat' dir='ltr'>auctor</span> <span class='ocrx_word' id='word_1_98' title='bbox 1164 1673 1270 1755; x_wconf 86' lang='lat' dir='ltr'>timet,</span> <span class='ocrx_word' id='word_1_99' title='bbox 1300 1695 1340 1741; x_wconf 92' lang='lat' dir='ltr'>ne</span> <span class='ocrx_word' id='word_1_100' title='bbox 1363 1675 1419 1740; x_wconf 86' lang='lat' dir='ltr'>ille</span> 
     </span>
     <span class='ocr_line' id='line_1_14' title="bbox 287 1773 1419 1859; baseline 0.005 -21"><span class='ocrx_word' id='word_1_101' title='bbox 287 1795 364 1859; x_wconf 89' lang='lat' dir='ltr'>prae</span> <span class='ocrx_word' id='word_1_102' title='bbox 384 1773 449 1839; x_wconf 88' lang='lat' dir='ltr'>ista</span> <span class='ocrx_word' id='word_1_103' title='bbox 470 1775 609 1858; x_wconf 87' lang='lat' dir='ltr'>partium</span> <span class='ocrx_word' id='word_1_104' title='bbox 632 1773 840 1858; x_wconf 86' lang='lat' dir='ltr'>dispositione</span> <span class='ocrx_word' id='word_1_105' title='bbox 863 1775 1031 1840; x_wconf 88' lang='lat' dir='ltr'>artificium</span> <span class='ocrx_word' id='word_1_106' title='bbox 1054 1776 1087 1840; x_wconf 92' lang='lat' dir='ltr'>in</span> <span class='ocrx_word' id='word_1_107' title='bbox 1105 1777 1275 1842; x_wconf 87' lang='lat' dir='ltr'>universae</span> <span class='ocrx_word' id='word_1_108' title='bbox 1291 1778 1419 1844; x_wconf 88' lang='lat' dir='ltr'>tabulae</span> 
     </span>
     <span class='ocr_line' id='line_1_15' title="bbox 287 1875 1421 1966; baseline 0.004 -24"><span class='ocrx_word' id='word_1_109' title='bbox 287 1878 461 1943; x_wconf 89' lang='lat' dir='ltr'>rationibus</span> <span class='ocrx_word' id='word_1_110' title='bbox 477 1883 637 1962; x_wconf 91' lang='lat' dir='ltr'>captatum</span> <span class='ocrx_word' id='word_1_111' title='bbox 654 1879 859 1960; x_wconf 85' lang='lat' dir='ltr'>neglecturus</span> <span class='ocrx_word' id='word_1_112' title='bbox 875 1879 926 1944; x_wconf 89' lang='lat' dir='ltr'>sit.</span> <span class='ocrx_word' id='word_1_113' title='bbox 956 1880 1069 1946; x_wconf 89' lang='lat' dir='ltr'>Verbis</span> <span class='ocrx_word' id='word_1_114' title='bbox 1085 1887 1143 1944; x_wconf 80' lang='grc' dir='ltr'>τῶι</span> <span class='ocrx_word' id='word_1_115' title='bbox 1158 1881 1271 1966; x_wconf 72' lang='grc' dir='ltr'><strong><em>μηδὲν</em></strong></span> <span class='ocrx_word' id='word_1_116' title='bbox 1283 1885 1300 1965; x_wconf 86' lang='grc' dir='ltr'>Ι)</span> <span class='ocrx_word' id='word_1_117' title='bbox 1322 1875 1421 1966; x_wconf 78' lang='grc' dir='ltr'><strong><em>ἀγνο-</em></strong></span> 
     </span>
     <span class='ocr_line' id='line_1_16' title="bbox 288 1975 1421 2070; baseline 0.004 -24"><span class='ocrx_word' id='word_1_118' title='bbox 288 1988 381 2047; x_wconf 79' lang='grc' dir='ltr'><strong><em>οῦντι</em></strong></span> <span class='ocrx_word' id='word_1_119' title='bbox 403 1982 507 2066; x_wconf 90' lang='lat' dir='ltr'>ipsum</span> <span class='ocrx_word' id='word_1_120' title='bbox 533 1987 658 2066; x_wconf 86' lang='lat' dir='ltr'>poetam</span> <span class='ocrx_word' id='word_1_121' title='bbox 681 1975 860 2065; x_wconf 85' lang='lat' dir='ltr'>designari,</span> <span class='ocrx_word' id='word_1_122' title='bbox 887 1981 942 2065; x_wconf 90' lang='lat' dir='ltr'>qui</span> <span class='ocrx_word' id='word_1_123' title='bbox 964 2001 1004 2046; x_wconf 90' lang='lat' dir='ltr'>ne</span> <span class='ocrx_word' id='word_1_124' title='bbox 1027 1983 1154 2048; x_wconf 90' lang='lat' dir='ltr'>lectoris</span> <span class='ocrx_word' id='word_1_125' title='bbox 1175 1984 1336 2070; x_wconf 89' lang='lat' dir='ltr'>imperitia</span> <span class='ocrx_word' id='word_1_126' title='bbox 1359 1985 1421 2070; x_wconf 86' lang='lat' dir='ltr'>ipsi</span> 
     </span>
     <span class='ocr_line' id='line_1_17' title="bbox 287 2081 1422 2170; baseline 0.003 -19"><span class='ocrx_word' id='word_1_127' title='bbox 287 2085 410 2152; x_wconf 88' lang='lat' dir='ltr'>crimini</span> <span class='ocrx_word' id='word_1_128' title='bbox 425 2085 519 2151; x_wconf 87' lang='lat' dir='ltr'>detur</span> <span class='ocrx_word' id='word_1_129' title='bbox 533 2090 661 2166; x_wconf 89' lang='lat' dir='ltr'>caveat,</span> <span class='ocrx_word' id='word_1_130' title='bbox 686 2091 934 2151; x_wconf 88' lang='lat' dir='ltr'>consentancum</span> <span class='ocrx_word' id='word_1_131' title='bbox 949 2092 1008 2150; x_wconf 85' lang='lat' dir='ltr'>est.</span> <span class='ocrx_word' id='word_1_132' title='bbox 1027 2124 1070 2132; x_wconf 95' lang='lat'>—</span> <span class='ocrx_word' id='word_1_133' title='bbox 1084 2087 1122 2152; x_wconf 91' lang='lat' dir='ltr'>V.</span> <span class='ocrx_word' id='word_1_134' title='bbox 1145 2091 1183 2150; x_wconf 80' lang='lat'>12</span> <span class='ocrx_word' id='word_1_135' title='bbox 1208 2081 1367 2170; x_wconf 73' lang='grc' dir='ltr'><strong><em>ἀνάθεμα</em></strong></span> <span class='ocrx_word' id='word_1_136' title='bbox 1388 2097 1422 2154; x_wconf 89' lang='lat' dir='ltr'>et</span> 
     </span>
     <span class='ocr_line' id='line_1_18' title="bbox 289 2183 1420 2274; baseline 0.003 -22"><span class='ocrx_word' id='word_1_137' title='bbox 289 2183 433 2270; x_wconf 72' lang='grc' dir='ltr'>ἄνθεμα,</span> <span class='ocrx_word' id='word_1_138' title='bbox 460 2208 523 2271; x_wconf 90' lang='lat' dir='ltr'>qua</span> <span class='ocrx_word' id='word_1_139' title='bbox 538 2188 639 2253; x_wconf 89' lang='lat' dir='ltr'>forma</span> <span class='ocrx_word' id='word_1_140' title='bbox 654 2188 795 2255; x_wconf 85' lang='lat' dir='ltr'>Moschic</span> <span class='ocrx_word' id='word_1_141' title='bbox 811 2188 960 2254; x_wconf 81' lang='lat' dir='ltr'>carminis</span> <span class='ocrx_word' id='word_1_142' title='bbox 975 2189 1059 2255; x_wconf 90' lang='lat' dir='ltr'>tertii</span> <span class='ocrx_word' id='word_1_143' title='bbox 1082 2211 1111 2254; x_wconf 91' lang='lat' dir='ltr'>v.</span> <span class='ocrx_word' id='word_1_144' title='bbox 1133 2195 1147 2252; x_wconf 88' lang='lat'>1</span> <span class='ocrx_word' id='word_1_145' title='bbox 1174 2211 1252 2256; x_wconf 88' lang='lat' dir='ltr'>usus</span> <span class='ocrx_word' id='word_1_146' title='bbox 1271 2197 1330 2274; x_wconf 87' lang='lat' dir='ltr'>est,</span> <span class='ocrx_word' id='word_1_147' title='bbox 1355 2191 1420 2255; x_wconf 90' lang='lat' dir='ltr'>iam</span> 
     </span>
     <span class='ocr_line' id='line_1_19' title="bbox 288 2278 1422 2379; baseline 0.001 -22"><span class='ocrx_word' id='word_1_148' title='bbox 288 2278 491 2357; x_wconf 76' lang='lat' dir='ltr'>aTh‘eocrito</span> <span class='ocrx_word' id='word_1_149' title='bbox 510 2291 580 2376; x_wconf 75' lang='lat' dir='ltr'>[Ep.</span> <span class='ocrx_word' id='word_1_150' title='bbox 603 2295 651 2372; x_wconf 83' lang='lat' dir='ltr'>te,</span> <span class='ocrx_word' id='word_1_151' title='bbox 673 2293 701 2374; x_wconf 81' lang='lat'>2]</span> <span class='ocrx_word' id='word_1_152' title='bbox 728 2299 761 2358; x_wconf 89' lang='lat' dir='ltr'>et</span> <span class='ocrx_word' id='word_1_153' title='bbox 775 2291 973 2358; x_wconf 83' lang='lat' dir='ltr'>Callimacho</span> <span class='ocrx_word' id='word_1_154' title='bbox 992 2293 1061 2378; x_wconf 78' lang='lat' dir='ltr'>[Ep.</span> <span class='ocrx_word' id='word_1_155' title='bbox 1082 2297 1130 2374; x_wconf 65' lang='lat' dir='ltr'>tl,</span> <span class='ocrx_word' id='word_1_156' title='bbox 1157 2294 1286 2379; x_wconf 89' lang='lat' dir='ltr'>saepius</span> <span class='ocrx_word' id='word_1_157' title='bbox 1306 2293 1338 2357; x_wconf 93' lang='lat' dir='ltr'>in</span> <span class='ocrx_word' id='word_1_158' title='bbox 1354 2295 1422 2358; x_wconf 84' lang='lat' dir='ltr'>An-</span> 
     </span>
     <span class='ocr_line' id='line_1_20' title="bbox 288 2394 1422 2483; baseline 0.002 -22"><span class='ocrx_word' id='word_1_159' title='bbox 288 2394 432 2476; x_wconf 87' lang='lat' dir='ltr'>thologia</span> <span class='ocrx_word' id='word_1_160' title='bbox 446 2413 564 2477; x_wconf 86' lang='lat' dir='ltr'>graeca</span> <span class='ocrx_word' id='word_1_161' title='bbox 579 2402 783 2479; x_wconf 88' lang='lat' dir='ltr'>usurpantur.</span> <span class='ocrx_word' id='word_1_162' title='bbox 797 2397 817 2476; x_wconf 86' lang='lat'>²)</span> <span class='ocrx_word' id='word_1_163' title='bbox 853 2395 958 2460; x_wconf 90' lang='lat' dir='ltr'>Verba</span> <span class='ocrx_word' id='word_1_164' title='bbox 980 2417 1055 2462; x_wconf 85' lang='lat' dir='ltr'>vero</span> <span class='ocrx_word' id='word_1_165' title='bbox 1077 2401 1244 2482; x_wconf 80' lang='grc' dir='ltr'><strong><em>Κοίρανος</em></strong></span> <span class='ocrx_word' id='word_1_166' title='bbox 1265 2396 1422 2483; x_wconf 77' lang='grc' dir='ltr'><strong><em>δέδορκεν</em></strong></span> 
     </span>
     <span class='ocr_line' id='line_1_21' title="bbox 288 2496 1421 2584; baseline 0.002 -20"><span class='ocrx_word' id='word_1_167' title='bbox 288 2505 434 2584; x_wconf 86' lang='lat' dir='ltr'>spectare</span> <span class='ocrx_word' id='word_1_168' title='bbox 450 2496 511 2562; x_wconf 85' lang='lat' dir='ltr'>nisi</span> <span class='ocrx_word' id='word_1_169' title='bbox 535 2497 577 2562; x_wconf 89' lang='lat' dir='ltr'>ad</span> <span class='ocrx_word' id='word_1_170' title='bbox 592 2498 751 2564; x_wconf 87' lang='lat' dir='ltr'>Osiridem</span> <span class='ocrx_word' id='word_1_171' title='bbox 767 2518 829 2564; x_wconf 91' lang='lat' dir='ltr'>non</span> <span class='ocrx_word' id='word_1_172' title='bbox 845 2505 994 2584; x_wconf 88' lang='lat' dir='ltr'>possunt,</span> <span class='ocrx_word' id='word_1_173' title='bbox 1019 2501 1075 2583; x_wconf 89' lang='lat' dir='ltr'>qui</span> <span class='ocrx_word' id='word_1_174' title='bbox 1098 2501 1290 2566; x_wconf 89' lang='lat' dir='ltr'>Moschionis</span> <span class='ocrx_word' id='word_1_175' title='bbox 1313 2507 1421 2566; x_wconf 89' lang='lat' dir='ltr'>votum</span> 
     </span>
     <span class='ocr_line' id='line_1_22' title="bbox 289 2601 1423 2690; baseline 0 -22"><span class='ocrx_word' id='word_1_176' title='bbox 289 2601 437 2686; x_wconf 87' lang='lat' dir='ltr'>benignis</span> <span class='ocrx_word' id='word_1_177' title='bbox 452 2602 554 2668; x_wconf 92' lang='lat' dir='ltr'>oculis</span> <span class='ocrx_word' id='word_1_178' title='bbox 570 2602 746 2687; x_wconf 81' lang='lat' dir='ltr'>respexerit</span> <span class='ocrx_word' id='word_1_179' title='bbox 760 2609 792 2668; x_wconf 89' lang='lat' dir='ltr'>et</span> <span class='ocrx_word' id='word_1_180' title='bbox 807 2602 974 2688; x_wconf 87' lang='lat' dir='ltr'>acceperit.</span> <span class='ocrx_word' id='word_1_181' title='bbox 1015 2603 1127 2680; x_wconf 81' lang='lat' dir='ltr'>Qualis</span> <span class='ocrx_word' id='word_1_182' title='bbox 1142 2604 1279 2670; x_wconf 84' lang='lat' dir='ltr'>notionis</span> <span class='ocrx_word' id='word_1_183' title='bbox 1295 2609 1423 2690; x_wconf 85' lang='grc' dir='ltr'><strong><em>Κοίρα-</em></strong></span> 
     </span>
     <span class='ocr_line' id='line_1_23' title="bbox 287 2705 1421 2791; baseline 0.004 -21"><span class='ocrx_word' id='word_1_184' title='bbox 287 2729 346 2781; x_wconf 85' lang='grc' dir='ltr'>νος</span> <span class='ocrx_word' id='word_1_185' title='bbox 368 2705 514 2770; x_wconf 88' lang='lat' dir='ltr'>ahsolute</span> <span class='ocrx_word' id='word_1_186' title='bbox 535 2705 578 2771; x_wconf 90' lang='lat' dir='ltr'>ad</span> <span class='ocrx_word' id='word_1_187' title='bbox 600 2707 695 2771; x_wconf 90' lang='lat' dir='ltr'>deum</span> <span class='ocrx_word' id='word_1_188' title='bbox 723 2705 957 2788; x_wconf 87' lang='lat' dir='ltr'>designandum</span> <span class='ocrx_word' id='word_1_189' title='bbox 987 2705 1124 2771; x_wconf 90' lang='lat' dir='ltr'>adhibiti</span> <span class='ocrx_word' id='word_1_190' title='bbox 1153 2726 1231 2772; x_wconf 89' lang='lat' dir='ltr'>usus</span> <span class='ocrx_word' id='word_1_191' title='bbox 1251 2708 1328 2772; x_wconf 93' lang='lat' dir='ltr'>mihi</span> <span class='ocrx_word' id='word_1_192' title='bbox 1351 2709 1421 2791; x_wconf 88' lang='lat' dir='ltr'>qui-</span> 
     </span>
     <span class='ocr_line' id='line_1_24' title="bbox 288 2807 1423 2893; baseline 0.004 -21"><span class='ocrx_word' id='word_1_193' title='bbox 288 2808 360 2873; x_wconf 91' lang='lat' dir='ltr'>dem</span> <span class='ocrx_word' id='word_1_194' title='bbox 383 2807 513 2873; x_wconf 88' lang='lat' dir='ltr'>aliunde</span> <span class='ocrx_word' id='word_1_195' title='bbox 532 2816 626 2874; x_wconf 89' lang='lat' dir='ltr'>nctus</span> <span class='ocrx_word' id='word_1_196' title='bbox 641 2829 704 2874; x_wconf 93' lang='lat' dir='ltr'>non</span> <span class='ocrx_word' id='word_1_197' title='bbox 719 2815 784 2888; x_wconf 87' lang='lat' dir='ltr'>est;</span> <span class='ocrx_word' id='word_1_198' title='bbox 812 2808 871 2874; x_wconf 89' lang='lat' dir='ltr'>nisi</span> <span class='ocrx_word' id='word_1_199' title='bbox 888 2808 1023 2874; x_wconf 85' lang='lat' dir='ltr'>conferri</span> <span class='ocrx_word' id='word_1_200' title='bbox 1038 2817 1153 2892; x_wconf 91' lang='lat' dir='ltr'>potest,</span> <span class='ocrx_word' id='word_1_201' title='bbox 1178 2811 1265 2893; x_wconf 91' lang='lat' dir='ltr'>qnod</span> <span class='ocrx_word' id='word_1_202' title='bbox 1279 2811 1311 2876; x_wconf 88' lang='lat' dir='ltr'>in</span> <span class='ocrx_word' id='word_1_203' title='bbox 1329 2811 1423 2876; x_wconf 82' lang='lat' dir='ltr'>Chri-</span> 
     </span>
     <span class='ocr_line' id='line_1_25' title="bbox 287 2908 1422 2998; baseline 0.003 -22"><span class='ocrx_word' id='word_1_204' title='bbox 287 2911 461 2976; x_wconf 87' lang='lat' dir='ltr'>stianornm</span> <span class='ocrx_word' id='word_1_205' title='bbox 477 2911 640 2996; x_wconf 88' lang='lat' dir='ltr'>scripturis</span> <span class='ocrx_word' id='word_1_206' title='bbox 656 2912 754 2977; x_wconf 90' lang='lat' dir='ltr'>sacris</span> <span class='ocrx_word' id='word_1_207' title='bbox 770 2932 832 2976; x_wconf 84' lang='lat' dir='ltr'>vox</span> <span class='ocrx_word' id='word_1_208' title='bbox 852 2908 965 2996; x_wconf 84' lang='grc' dir='ltr'><strong><em>κύριος</em></strong></span> <span class='ocrx_word' id='word_1_209' title='bbox 980 2911 1126 2978; x_wconf 88' lang='lat' dir='ltr'>similiter</span> <span class='ocrx_word' id='word_1_210' title='bbox 1142 2919 1324 2998; x_wconf 89' lang='lat' dir='ltr'>usurpatur.</span> <span class='ocrx_word' id='word_1_211' title='bbox 1357 2915 1422 2979; x_wconf 88' lang='lat' dir='ltr'>Pa-</span> 
     </span>
     <span class='ocr_line' id='line_1_26' title="bbox 287 3015 1418 3102; baseline 0.002 -22"><span class='ocrx_word' id='word_1_212' title='bbox 287 3015 363 3080; x_wconf 90' lang='lat' dir='ltr'>riter</span> <span class='ocrx_word' id='word_1_213' title='bbox 381 3015 513 3080; x_wconf 89' lang='lat' dir='ltr'>verbum</span> <span class='ocrx_word' id='word_1_214' title='bbox 537 3015 694 3102; x_wconf 75' lang='grc' dir='ltr'><strong><em>δέδορκεν</em></strong></span> <span class='ocrx_word' id='word_1_215' title='bbox 715 3015 894 3100; x_wconf 82' lang='lat' dir='ltr'>explicatur</span> <span class='ocrx_word' id='word_1_216' title='bbox 923 3021 1105 3099; x_wconf 89' lang='lat' dir='ltr'>comparato</span> <span class='ocrx_word' id='word_1_217' title='bbox 1133 3017 1202 3082; x_wconf 93' lang='lat' dir='ltr'>loco</span> <span class='ocrx_word' id='word_1_218' title='bbox 1224 3019 1313 3082; x_wconf 87' lang='lat' dir='ltr'>LXX</span> <span class='ocrx_word' id='word_1_219' title='bbox 1335 3017 1418 3084; x_wconf 82' lang='lat' dir='ltr'>Gen.</span> 
     </span>
     <span class='ocr_line' id='line_1_27' title="bbox 286 3112 1422 3207; baseline -0.001 -19"><span class='ocrx_word' id='word_1_220' title='bbox 286 3124 342 3205; x_wconf 93' lang='lat' dir='ltr'>IV,</span> <span class='ocrx_word' id='word_1_221' title='bbox 362 3128 396 3185; x_wconf 81' lang='lat' dir='ltr'>l:</span> <span class='ocrx_word' id='word_1_222' title='bbox 424 3121 481 3185; x_wconf 86' lang='grc' dir='ltr'>καὶ</span> <span class='ocrx_word' id='word_1_223' title='bbox 504 3113 670 3185; x_wconf 68' lang='lat' dir='ltr'>euertat</span> <span class='ocrx_word' id='word_1_224' title='bbox 690 3116 775 3196; x_wconf 80' lang='grc' dir='ltr'><em>Θεὸς</em></span> <span class='ocrx_word' id='word_1_225' title='bbox 798 3117 856 3184; x_wconf 77' lang='grc' dir='ltr'><strong><em>ἐντὶ</em></strong></span> <span class='ocrx_word' id='word_1_226' title='bbox 870 3112 967 3200; x_wconf 69' lang='grc' dir='ltr'>Ἅβελ</span> <span class='ocrx_word' id='word_1_227' title='bbox 988 3119 1045 3183; x_wconf 85' lang='grc' dir='ltr'>καὶ</span> <span class='ocrx_word' id='word_1_228' title='bbox 1067 3117 1124 3184; x_wconf 79' lang='grc' dir='ltr'>ἐπὶ</span> <span class='ocrx_word' id='word_1_229' title='bbox 1140 3131 1210 3196; x_wconf 83' lang='grc' dir='ltr'><strong><em>τοῖς</em></strong></span> <span class='ocrx_word' id='word_1_230' title='bbox 1226 3118 1345 3207; x_wconf 85' lang='grc' dir='ltr'><strong><em>δώροις</em></strong></span> <span class='ocrx_word' id='word_1_231' title='bbox 1361 3115 1422 3187; x_wconf 80' lang='lat' dir='ltr'>uri-</span> 
     </span>
     <span class='ocr_line' id='line_1_28' title="bbox 287 3222 1423 3310; baseline -0.002 -17"><span class='ocrx_word' id='word_1_232' title='bbox 287 3234 363 3293; x_wconf 72' lang='lat' dir='ltr'>aor‘r:</span> <span class='ocrx_word' id='word_1_233' title='bbox 390 3226 487 3292; x_wconf 87' lang='lat' dir='ltr'>ctiam</span> <span class='ocrx_word' id='word_1_234' title='bbox 509 3223 597 3310; x_wconf 88' lang='lat' dir='ltr'>apud</span> <span class='ocrx_word' id='word_1_235' title='bbox 616 3229 727 3307; x_wconf 85' lang='lat' dir='ltr'>poetas</span> <span class='ocrx_word' id='word_1_236' title='bbox 750 3223 945 3306; x_wconf 87' lang='lat' dir='ltr'>antiquiores</span> <span class='ocrx_word' id='word_1_237' title='bbox 967 3243 1029 3288; x_wconf 83' lang='lat' dir='ltr'>vox</span> <span class='ocrx_word' id='word_1_238' title='bbox 1052 3222 1182 3310; x_wconf 81' lang='grc' dir='ltr'><strong><em>ἐφορᾶν</em></strong></span> <span class='ocrx_word' id='word_1_239' title='bbox 1202 3225 1349 3308; x_wconf 88' lang='lat' dir='ltr'>quamvis</span> <span class='ocrx_word' id='word_1_240' title='bbox 1371 3225 1423 3291; x_wconf 90' lang='lat' dir='ltr'>di-</span> 
     </span>
     <span class='ocr_line' id='line_1_29' title="bbox 287 3321 1422 3410; baseline -0.004 -13"><span class='ocrx_word' id='word_1_241' title='bbox 287 3349 382 3398; x_wconf 85' lang='lat' dir='ltr'>versa</span> <span class='ocrx_word' id='word_1_242' title='bbox 411 3328 538 3396; x_wconf 89' lang='lat' dir='ltr'>notione</span> <span class='ocrx_word' id='word_1_243' title='bbox 567 3327 706 3392; x_wconf 87' lang='lat' dir='ltr'>maxime</span> <span class='ocrx_word' id='word_1_244' title='bbox 736 3326 776 3392; x_wconf 87' lang='lat' dir='ltr'>dc</span> <span class='ocrx_word' id='word_1_245' title='bbox 803 3325 873 3392; x_wconf 86' lang='lat' dir='ltr'>deis</span> <span class='ocrx_word' id='word_1_246' title='bbox 898 3326 1077 3410; x_wconf 88' lang='lat' dir='ltr'>praedicari</span> <span class='ocrx_word' id='word_1_247' title='bbox 1107 3327 1187 3392; x_wconf 87' lang='lat' dir='ltr'>solet</span> <span class='ocrx_word' id='word_1_248' title='bbox 1217 3328 1317 3394; x_wconf 86' lang='lat' dir='ltr'>veluti</span> <span class='ocrx_word' id='word_1_249' title='bbox 1344 3321 1422 3393; x_wconf 85' lang='grc' dir='ltr'>Ἠέ-</span> 
     </span>
     <span class='ocr_line' id='line_1_30' title="bbox 286 3422 1422 3518; baseline -0.004 -19"><span class='ocrx_word' id='word_1_250' title='bbox 286 3436 359 3512; x_wconf 87' lang='grc' dir='ltr'><strong><em>λιος</em></strong></span> <span class='ocrx_word' id='word_1_251' title='bbox 375 3431 411 3510; x_wconf 83' lang='grc' dir='ltr'>ὃς</span> <span class='ocrx_word' id='word_1_252' title='bbox 428 3425 525 3498; x_wconf 77' lang='grc' dir='ltr'><strong><em>πάντ’</em></strong></span> <span class='ocrx_word' id='word_1_253' title='bbox 536 3429 645 3518; x_wconf 79' lang='grc' dir='ltr'><strong><em>ἐφορᾷ</em></strong></span> <span class='ocrx_word' id='word_1_254' title='bbox 661 3430 753 3495; x_wconf 90' lang='lat' dir='ltr'>Hom.</span> <span class='ocrx_word' id='word_1_255' title='bbox 770 3430 788 3494; x_wconf 80' lang='grc' dir='ltr'><strong><em>λ</em></strong></span> <span class='ocrx_word' id='word_1_256' title='bbox 807 3433 877 3494; x_wconf 83' lang='grc'>109.</span> <span class='ocrx_word' id='word_1_257' title='bbox 893 3426 997 3512; x_wconf 74' lang='grc' dir='ltr'>(Ζεὺς)</span> <span class='ocrx_word' id='word_1_258' title='bbox 1019 3422 1224 3516; x_wconf 73' lang='grc' dir='ltr'><strong><em>ἀνθρώπους</em></strong></span> <span class='ocrx_word' id='word_1_259' title='bbox 1241 3429 1350 3518; x_wconf 76' lang='grc' dir='ltr'><strong><em>ἐφορᾷ</em></strong></span> <span class='ocrx_word' id='word_1_260' title='bbox 1365 3433 1422 3496; x_wconf 84' lang='grc' dir='ltr'>καὶ</span> 
     </span>
     <span class='ocr_line' id='line_1_31' title="bbox 287 3527 1423 3620; baseline -0.004 -16"><span class='ocrx_word' id='word_1_261' title='bbox 287 3543 418 3604; x_wconf 82' lang='grc' dir='ltr'><strong><em>τίνυται</em></strong></span> <span class='ocrx_word' id='word_1_262' title='bbox 440 3530 532 3610; x_wconf 79' lang='grc' dir='ltr'><strong><em>ὅστις</em></strong></span> <span class='ocrx_word' id='word_1_263' title='bbox 555 3527 685 3620; x_wconf 82' lang='grc' dir='ltr'><strong><em>ἁμάρτῃ</em></strong></span> <span class='ocrx_word' id='word_1_264' title='bbox 708 3533 750 3598; x_wconf 93' lang='lat' dir='ltr'>ib.</span> <span class='ocrx_word' id='word_1_265' title='bbox 769 3557 790 3599; x_wconf 90' lang='grc' dir='ltr'><strong><em>ν</em></strong></span> <span class='ocrx_word' id='word_1_266' title='bbox 810 3537 890 3613; x_wconf 80' lang='grc'>214,’</span> <span class='ocrx_word' id='word_1_267' title='bbox 902 3541 963 3600; x_wconf 86' lang='lat' dir='ltr'>etc.</span> <span class='ocrx_word' id='word_1_268' title='bbox 987 3571 1030 3580; x_wconf 93' lang='lat'>-</span> <span class='ocrx_word' id='word_1_269' title='bbox 1053 3535 1090 3598; x_wconf 91' lang='lat' dir='ltr'>V.</span> <span class='ocrx_word' id='word_1_270' title='bbox 1114 3537 1150 3598; x_wconf 87' lang='grc'>13</span> <span class='ocrx_word' id='word_1_271' title='bbox 1174 3532 1306 3618; x_wconf 75' lang='grc' dir='ltr'><strong><em>καρπός</em></strong></span> <span class='ocrx_word' id='word_1_272' title='bbox 1327 3555 1423 3620; x_wconf 87' lang='lat' dir='ltr'>prae-</span> 
     </span>
    </p>
   </div>
   <div class='ocr_carea' id='block_1_3' title="bbox 278 3637 1423 3725">
    <p class='ocr_par' dir='ltr' id='par_1_3' title="bbox 278 3637 1423 3725">
     <span class='ocr_line' id='line_1_32' title="bbox 278 3637 1423 3725; baseline -0.003 -17"><span class='ocrx_word' id='word_1_273' title='bbox 278 3643 384 3708; x_wconf 93' lang='lat' dir='ltr'>mium</span> <span class='ocrx_word' id='word_1_274' title='bbox 402 3647 451 3707; x_wconf 86' lang='lat' dir='ltr'>est</span> <span class='ocrx_word' id='word_1_275' title='bbox 466 3638 559 3725; x_wconf 87' lang='lat' dir='ltr'>pedis</span> <span class='ocrx_word' id='word_1_276' title='bbox 575 3658 595 3702; x_wconf 87' lang='lat' dir='ltr'>a</span> <span class='ocrx_word' id='word_1_277' title='bbox 610 3637 671 3703; x_wconf 92' lang='lat' dir='ltr'>deo</span> <span class='ocrx_word' id='word_1_278' title='bbox 682 3637 798 3702; x_wconf 74' lang='lat' dir='ltr'>sanan.</span> <span class='ocrx_word' id='word_1_279' title='bbox 827 3637 919 3715; x_wconf 81' lang='lat' dir='ltr'>Quod</span> <span class='ocrx_word' id='word_1_280' title='bbox 934 3657 1045 3703; x_wconf 88' lang='lat' dir='ltr'>vorsus</span> <span class='ocrx_word' id='word_1_281' title='bbox 1060 3637 1163 3703; x_wconf 93' lang='lat' dir='ltr'>ultimi</span> <span class='ocrx_word' id='word_1_282' title='bbox 1178 3657 1252 3723; x_wconf 88' lang='lat' dir='ltr'>pars</span> <span class='ocrx_word' id='word_1_283' title='bbox 1267 3639 1423 3723; x_wconf 89' lang='lat' dir='ltr'>posterior</span> 
     </span>
    </p>
   </div>
   <div class='ocr_carea' id='block_1_4' title="bbox 287 3774 1420 4110">
    <p class='ocr_par' dir='ltr' id='par_1_4' title="bbox 287 3774 1420 4110">
     <span class='ocr_line' id='line_1_33' title="bbox 360 3774 1420 3848; baseline -0.004 -17"><span class='ocrx_word' id='word_1_284' title='bbox 360 3783 376 3844; x_wconf 73' lang='lat'>¹)</span> <span class='ocrx_word' id='word_1_285' title='bbox 398 3779 441 3832; x_wconf 87' lang='lat' dir='ltr'>De</span> <span class='ocrx_word' id='word_1_286' title='bbox 461 3777 549 3833; x_wconf 83' lang='lat' dir='ltr'>torma</span> <span class='ocrx_word' id='word_1_287' title='bbox 566 3775 668 3846; x_wconf 74' lang='grc' dir='ltr'><strong><em>μηδείς</em></strong></span> <span class='ocrx_word' id='word_1_288' title='bbox 685 3774 811 3846; x_wconf 87' lang='lat' dir='ltr'>pluribus</span> <span class='ocrx_word' id='word_1_289' title='bbox 829 3781 946 3843; x_wconf 88' lang='lat' dir='ltr'>egerunt</span> <span class='ocrx_word' id='word_1_290' title='bbox 962 3775 1129 3836; x_wconf 85' lang='lat' dir='ltr'>Buttmann.</span> <span class='ocrx_word' id='word_1_291' title='bbox 1156 3777 1300 3846; x_wconf 69' lang='lat' dir='ltr'>acasitlrrl.</span> <span class='ocrx_word' id='word_1_292' title='bbox 1320 3777 1420 3848; x_wconf 76' lang='lat' dir='ltr'>qn&#39;ect.</span> 
     </span>
     <span class='ocr_line' id='line_1_34' title="bbox 291 3859 1419 3935; baseline -0.005 -14"><span class='ocrx_word' id='word_1_293' title='bbox 291 3871 411 3922; x_wconf 72' lang='lat' dir='ltr'>Gramen.</span> <span class='ocrx_word' id='word_1_294' title='bbox 427 3866 440 3920; x_wconf 95' lang='lat' dir='ltr'>l</span> <span class='ocrx_word' id='word_1_295' title='bbox 457 3881 484 3935; x_wconf 91' lang='lat' dir='ltr'>p.</span> <span class='ocrx_word' id='word_1_296' title='bbox 500 3865 550 3915; x_wconf 80' lang='lat' dir='ltr'>ato</span> <span class='ocrx_word' id='word_1_297' title='bbox 566 3862 619 3925; x_wconf 81' lang='lat' dir='ltr'>ted.</span> <span class='ocrx_word' id='word_1_298' title='bbox 634 3863 674 3925; x_wconf 80' lang='lat'>2),</span> <span class='ocrx_word' id='word_1_299' title='bbox 701 3860 812 3916; x_wconf 85' lang='lat' dir='ltr'>Abrens</span> <span class='ocrx_word' id='word_1_300' title='bbox 829 3859 902 3915; x_wconf 83' lang='lat' dir='ltr'>Dial.</span> <span class='ocrx_word' id='word_1_301' title='bbox 921 3861 934 3914; x_wconf 95' lang='lat' dir='ltr'>l</span> <span class='ocrx_word' id='word_1_302' title='bbox 951 3879 978 3932; x_wconf 93' lang='lat' dir='ltr'>p.</span> <span class='ocrx_word' id='word_1_303' title='bbox 994 3865 1042 3923; x_wconf 89' lang='grc'>44,</span> <span class='ocrx_word' id='word_1_304' title='bbox 1068 3863 1102 3916; x_wconf 88' lang='lat' dir='ltr'>R.</span> <span class='ocrx_word' id='word_1_305' title='bbox 1122 3861 1251 3926; x_wconf 86' lang='lat' dir='ltr'>Ktlhner,</span> <span class='ocrx_word' id='word_1_306' title='bbox 1275 3865 1419 3934; x_wconf 80' lang='lat' dir='ltr'>Aursdlrrt.</span> 
     </span>
     <span class='ocr_line' id='line_1_35' title="bbox 291 3947 1420 4022; baseline -0.004 -14"><span class='ocrx_word' id='word_1_307' title='bbox 291 3957 411 4008; x_wconf 80' lang='lat' dir='ltr'>Gramm.</span> <span class='ocrx_word' id='word_1_308' title='bbox 427 3953 454 4005; x_wconf 87' lang='lat' dir='ltr'>d.</span> <span class='ocrx_word' id='word_1_309' title='bbox 468 3949 569 4022; x_wconf 71' lang='lat' dir='ltr'>probel.</span> <span class='ocrx_word' id='word_1_310' title='bbox 584 3949 700 4021; x_wconf 71' lang='lat' dir='ltr'>Spa-ueta</span> <span class='ocrx_word' id='word_1_311' title='bbox 716 3947 729 4000; x_wconf 93' lang='lat'><em>1</em></span> <span class='ocrx_word' id='word_1_312' title='bbox 747 3965 774 4017; x_wconf 91' lang='lat' dir='ltr'>p.</span> <span class='ocrx_word' id='word_1_313' title='bbox 790 3949 848 4009; x_wconf 78' lang='grc'>487,</span> <span class='ocrx_word' id='word_1_314' title='bbox 867 3951 876 3999; x_wconf 96' lang='lat' dir='ltr'>l</span> <span class='ocrx_word' id='word_1_315' title='bbox 906 3948 959 4012; x_wconf 89' lang='lat' dir='ltr'>(ed.</span> <span class='ocrx_word' id='word_1_316' title='bbox 975 3951 1011 4014; x_wconf 75' lang='lat'>2),</span> <span class='ocrx_word' id='word_1_317' title='bbox 1032 3947 1160 4017; x_wconf 82' lang='lat' dir='ltr'>Glittliug</span> <span class='ocrx_word' id='word_1_318' title='bbox 1177 3951 1212 4004; x_wconf 88' lang='lat' dir='ltr'>ad</span> <span class='ocrx_word' id='word_1_319' title='bbox 1231 3948 1350 4006; x_wconf 84' lang='lat' dir='ltr'>Aristot.</span> <span class='ocrx_word' id='word_1_320' title='bbox 1364 3951 1420 4018; x_wconf 85' lang='lat' dir='ltr'>pol.</span> 
     </span>
     <span class='ocr_line' id='line_1_36' title="bbox 287 4032 1419 4110; baseline -0.004 -19"><span class='ocrx_word' id='word_1_321' title='bbox 287 4057 305 4110; x_wconf 93' lang='lat' dir='ltr'>p</span> <span class='ocrx_word' id='word_1_322' title='bbox 330 4041 394 4104; x_wconf 70' lang='lat'>278,</span> <span class='ocrx_word' id='word_1_323' title='bbox 419 4037 532 4093; x_wconf 79' lang='lat' dir='ltr'>Lohoclr</span> <span class='ocrx_word' id='word_1_324' title='bbox 550 4035 652 4107; x_wconf 86' lang='lat' dir='ltr'>Phryn.</span> <span class='ocrx_word' id='word_1_325' title='bbox 668 4052 694 4104; x_wconf 93' lang='lat' dir='ltr'>p.</span> <span class='ocrx_word' id='word_1_326' title='bbox 713 4036 775 4098; x_wconf 73' lang='lat'>181,</span> <span class='ocrx_word' id='word_1_327' title='bbox 796 4033 885 4088; x_wconf 84' lang='lat' dir='ltr'>Franz</span> <span class='ocrx_word' id='word_1_328' title='bbox 904 4033 992 4090; x_wconf 87' lang='lat' dir='ltr'>Elem.</span> <span class='ocrx_word' id='word_1_329' title='bbox 1008 4032 1150 4105; x_wconf 88' lang='lat' dir='ltr'>epigraph.</span> <span class='ocrx_word' id='word_1_330' title='bbox 1165 4052 1256 4104; x_wconf 80' lang='lat' dir='ltr'>graec.</span> <span class='ocrx_word' id='word_1_331' title='bbox 1271 4053 1297 4089; x_wconf 93' lang='lat' dir='ltr'>n.</span> <span class='ocrx_word' id='word_1_332' title='bbox 1314 4039 1355 4088; x_wconf 74' lang='grc'>74.</span> <span class='ocrx_word' id='word_1_333' title='bbox 1372 4038 1419 4099; x_wconf 78' lang='lat'>793</span> 
     </span>
    </p>
   </div>
   <div class='ocr_carea' id='block_1_5' title="bbox 287 4121 1418 4280">
    <p class='ocr_par' dir='ltr' id='par_1_5' title="bbox 287 4121 1418 4280">
     <span class='ocr_line' id='line_1_37' title="bbox 287 4121 740 4191; baseline -0.02 -10"><span class='ocrx_word' id='word_1_334' title='bbox 287 4123 410 4181; x_wconf 84' lang='lat' dir='ltr'>Diodori</span> <span class='ocrx_word' id='word_1_335' title='bbox 418 4123 578 4179; x_wconf 85' lang='lat' dir='ltr'>Thesaurus</span> <span class='ocrx_word' id='word_1_336' title='bbox 590 4121 625 4186; x_wconf 92' lang='lat' dir='ltr'>V,</span> <span class='ocrx_word' id='word_1_337' title='bbox 639 4138 667 4191; x_wconf 88' lang='lat' dir='ltr'>p.</span> <span class='ocrx_word' id='word_1_338' title='bbox 682 4123 740 4174; x_wconf 84' lang='grc'>963.</span> 
     </span>
     <span class='ocr_line' id='line_1_38' title="bbox 355 4203 1418 4280; baseline -0.008 -12"><span class='ocrx_word' id='word_1_339' title='bbox 355 4212 373 4277; x_wconf 77' lang='lat'>²]</span> <span class='ocrx_word' id='word_1_340' title='bbox 390 4211 458 4267; x_wconf 81' lang='lat' dir='ltr'>Cum</span> <span class='ocrx_word' id='word_1_341' title='bbox 473 4206 585 4280; x_wconf 72' lang='grc' dir='ltr'><strong><em>ἄνθεμα</em></strong></span> <span class='ocrx_word' id='word_1_342' title='bbox 598 4207 730 4263; x_wconf 71' lang='lat' dir='ltr'>clettam</span> <span class='ocrx_word' id='word_1_343' title='bbox 744 4205 832 4263; x_wconf 84' lang='lat' dir='ltr'>forma</span> <span class='ocrx_word' id='word_1_344' title='bbox 845 4203 947 4260; x_wconf 73' lang='grc' dir='ltr'><strong><em>ἄνθετο</em></strong></span> <span class='ocrx_word' id='word_1_345' title='bbox 964 4203 1153 4276; x_wconf 72' lang='lat' dir='ltr'>[authorem.</span> <span class='ocrx_word' id='word_1_346' title='bbox 1164 4207 1212 4274; x_wconf 90' lang='lat' dir='ltr'>Vl,</span> <span class='ocrx_word' id='word_1_347' title='bbox 1227 4209 1269 4274; x_wconf 80' lang='lat'>87,</span> <span class='ocrx_word' id='word_1_348' title='bbox 1286 4211 1308 4260; x_wconf 89' lang='lat'>1.</span> <span class='ocrx_word' id='word_1_349' title='bbox 1324 4209 1382 4271; x_wconf 81' lang='lat'>337,</span> <span class='ocrx_word' id='word_1_350' title='bbox 1397 4213 1418 4260; x_wconf 87' lang='lat' dir='ltr'>l.</span> 
     </span>
    </p>
   </div>
   <div class='ocr_carea' id='block_1_6' title="bbox 287 4297 486 4365">
    <p class='ocr_par' dir='ltr' id='par_1_6' title="bbox 287 4297 486 4365">
     <span class='ocr_line' id='line_1_39' title="bbox 287 4297 486 4365; baseline -0.01 -11"><span class='ocrx_word' id='word_1_351' title='bbox 287 4297 363 4365; x_wconf 83' lang='lat' dir='ltr'>XVI,</span> <span class='ocrx_word' id='word_1_352' title='bbox 378 4301 437 4361; x_wconf 78' lang='lat'>239,</span> <span class='ocrx_word' id='word_1_353' title='bbox 453 4300 486 4365; x_wconf 77' lang='lat' dir='ltr'>ll.</span> 
     </span>
    </p>
   </div>
   <div class='ocr_carea' id='block_1_7' title="bbox 0 0 1649 4934">
    <p class='ocr_par' dir='ltr' id='par_1_7' title="bbox 0 0 1649 4934">
     <span class='ocr_line' id='line_1_40' title="bbox 0 0 1649 4934; baseline 0 0"><span class='ocrx_word' id='word_1_354' title='bbox 0 0 1649 4934; x_wconf 95' lang='lat' dir='ltr'> </span> 
     </span>
    </p>
   </div>
  </div>
 </body>
</html>
