3248 4928
641 437 683 452 ,-
731 401 816 484 [aas]
862 437 907 450 -
1300 405 1339 468 τι

289 584 325 648 P.
352 585 414 650 358
437 587 518 672 περὶ
540 591 722 675 Πίγρητος.
756 595 884 654 Μοῦσα
907 585 970 674 γὰρ
994 587 1036 654 σύ
1058 608 1129 654 oum
1152 589 1237 655 Med.
1263 590 1337 656 Ald.

203 685 280 752 Bas.
306 707 472 756 commune
494 697 545 756 est
559 691 723 758 Eudooiae
745 693 858 760 vitium
880 713 938 777 pro
962 698 1089 758 Μοῦσα
1112 692 1154 759 σὺ
1176 692 1250 780 γάρ.
1292 694 1341 760 De

201 789 365 857 codicibus
388 799 495 859 tacent
517 793 620 859 Gaisi.
646 801 679 861 et
701 796 818 862 Bemh.

288 894 325 958 P.
352 897 414 960 359
438 897 518 982 ιιερὶ
541 897 772 986 Παλαιφάτου
794 905 855 964 τοῦ
876 906 1120 985 γραμματικοῦ.
1166 897 1278 976 λύσεις
1300 899 1341 964 li-

203 995 252 1060 bri
274 996 377 1062 Paris.
402 999 509 1083 Med,
547 1001 623 1078 λίας
646 1023 708 1068 non
729 1003 892 1069 intellecto
914 1003 1166 1069 Mediolanensis
1189 1023 1341 1088 compen-

203 1096 255 1163 dio
271 1100 345 1165 Ald.
364 1102 440 1168 Bas.
480 1103 572 1183 Quod
596 1126 667 1172 oum
690 1106 834 1192 ineptum
857 1126 929 1173 esse
945 1107 1091 1172 Eudooia
1105 1107 1338 1192 perspexisset,

202 1222 265 1266 non
288 1203 369 1271 bene
393 1198 596 1294 ἀλληγορίας
617 1209 658 1275 de
681 1230 739 1275 suo
763 1210 901 1296 scripsit.

290 1309 324 1372 P.
345 1312 404 1373 371
431 1311 510 1397 περί
522 1305 665 1378 Ῥιανοῦ.
693 1306 838 1401 Ἰθώμης
853 1317 893 1398 A,
916 1307 1053 1401 Ἰθάκης
1071 1314 1160 1398 vulg.
1180 1321 1212 1379 et
1227 1313 1310 1379 Eud.

205 1407 376 1496 ἐμμέτρως
399 1413 482 1498 libri,
509 1414 657 1503 ἔμμετρα
680 1418 769 1502 vulg.
795 1425 829 1484 et
849 1417 933 1484 Eud.

289 1517 325 1582 P.
351 1521 410 1582 381
437 1521 515 1604 περὶ
534 1525 723 1603 Σιβυντίου.
751 1519 929 1608 Σιβύρτιος
951 1523 1035 1604 libri,
1061 1520 1238 1604 Σιβὺντιος
1261 1521 1334 1588 edd.

201 1626 278 1686 vett.
305 1629 337 1687 et
358 1621 441 1688 Eud.

288 1725 324 1790 P.
351 1729 413 1792 383
443 1729 523 1814 περί
546 1729 721 1818 Σιβύλλης.
769 1729 916 1818 Σάρυσις
938 1731 977 1796 A.
1003 1732 1063 1813 V.,
1096 1728 1224 1816 Σάρβις
1246 1732 1334 1814 vulg.

201 1834 233 1893 et
256 1828 338 1895 nuo.
1195 1845 1201 1856 '

258 1909 265 1922 ’
290 1933 324 1996 P.
352 1935 413 1998 384
440 1937 520 2022 περὶ
549 1938 769 2015 Σωσικλέους.
818 1939 867 2004 Ex
896 1938 1015 2005 Suidae
1045 1939 1203 2024 scriptura
1231 1943 1339 2014 Σῶσις

202 2029 310 2118 ὄνομα
333 2034 459 2124 κύριον.
486 2039 690 2128 Σωσιφάνης
712 2043 923 2119 Σωσικλέους
961 2043 1016 2126 (ita
1044 2042 1198 2128 seriptum
1220 2042 1349 2108 habent.

203 2139 304 2206 Paris.
331 2143 451 2228 optimi)
479 2144 559 2212 baeu
582 2146 660 2212 fauit
682 2148 727 2212 V:
754 2152 861 2223 Σῶσις
883 2140 992 2229 ὄνομα
1015 2143 1142 2232 κάριον.
1178 2145 1339 2232 Σωσιφά-

201 2267 261 2330 νης
288 2239 397 2328 ὄνομα
424 2246 557 2335 κύριον,
591 2246 665 2326 υίὸς
688 2251 909 2328 Σωσικλέους.
956 2251 1037 2317 Inde
1059 2257 1162 2316 ortum
1185 2257 1235 2316 est
1255 2250 1339 2314 inu

202 2353 235 2412 ot
249 2348 282 2414 in
298 2351 441 2434 vulgatis
457 2353 532 2420 edd.
547 2379 552 2418 :
572 2359 690 2431 Σῶσις.
717 2349 825 2438 ὄνομα
841 2353 969 2442 κύριον.
994 2353 1197 2441 Σωσιφάνης
1213 2350 1339 2436 ὁμοίιος

201 2448 329 2538 κύριον.
369 2457 587 2545 Σωσικλῆς
610 2483 640 2522 κ.
667 2482 694 2522 τ.
722 2460 751 2524 λ.
798 2459 890 2537 Quae
920 2480 961 2525 ex
983 2459 1102 2524 Aldina
1131 2458 1248 2543 aooipit
1273 2458 1339 2522 Eu-

202 2555 305 2622 dooia.

289 2662 324 2726 P.
351 2665 412 2728 385
436 2666 517 2752 περί
538 2667 710 2753 Σωφίλου.
754 2668 864 2755 Δηλία
886 2667 961 2734 libri
983 2667 1100 2748 Paris,
1126 2667 1229 2754 (λημία
1254 2665 1334 2732 [tud.

201 2784 272 2830 oum
295 2767 384 2850 vulg.
420 2769 425 2855 Ι
458 2770 621 2856 χοιρίδιον
643 2771 715 2837 libri
738 2779 771 2837 et
793 2771 879 2837 Mod.
909 2773 941 2854 ll.
968 2770 1197 2857 ἐγχειρίδιον),
1231 2775 1338 2856 χοιρί-

202 2868 276 2934 διον
297 2871 371 2938 Ald.
398 2873 439 2940 de
461 2875 644 2942 coniectura
666 2882 698 2941 et
720 2876 795 2941 Bas.
821 2883 854 2941 et
876 2875 959 2942 Eud.

288 2975 324 3039 P.
351 2978 412 3040 388
443 2976 616 3063 Στράβων,
642 2973 817 3063 Ἀμασεὺς,
845 2977 1038 3067 φιλόσοφος
1060 2980 1116 3044 καί
1138 2975 1337 3065 γεωγράφος

200 3083 276 3142 vett.
296 3077 387 3145 editt.
405 3087 438 3146 et
452 3081 604 3166 Eudooia,
629 3081 800 3169 Στράτων
815 3077 980 3166 Ἀμασεὺς
995 3080 1188 3170 φιλόσοφος
1203 3085 1340 3166 γέγονεν

202 3178 260 3244 ἐπὶ
286 3187 444 3270 Τιβερίου
468 3191 652 3273 Καίσαρος.
685 3186 814 3273 ἐ’μραψε
842 3184 1061 3274 γεωγραφικὰ
1083 3185 1120 3253 ἐν
1141 3186 1286 3268 βιβλίοις
1309 3183 1335 3264 ζ

201 3284 303 3352 oodex
318 3287 357 3352 A.
398 3289 509 3356 Oodex
525 3291 552 3356 V
567 3291 628 3358 hoo
642 3291 712 3357 looo
727 3291 844 3358 omittit
856 3292 1010 3376 glossam,
1032 3291 1129 3357 babet
1143 3297 1215 3375 post
1230 3285 1339 3374 Στρά-

202 3413 279 3472 τιον,
306 3391 358 3456 »id
372 3393 459 3476 quod
474 3395 581 3479 arguit
595 3397 671 3461 olim
687 3395 866 3462 dubitatum
882 3396 981 3461 fuisse
997 3395 1038 3460 de
1053 3395 1099 3480 gl.
1118 3391 1281 3480 Στράβων
1296 3415 1337 3458 an

201 3493 361 3584 Στράτιον
375 3499 562 3584 probanda«
584 3499 808 3586 (Bernhardy).
835 3501 927 3567 Patet
940 3507 1047 3566 autem
1062 3499 1201 3565 librariis
1216 3497 1336 3564 Suidae

201 3600 404 3668 tribuendum
427 3623 511 3688 esse,
537 3604 623 3688 quod
645 3605 759 3671 eadem
782 3605 822 3671 de
845 3605 1001 3670 Strabone
1024 3611 1056 3670 et
1078 3604 1118 3670 de
1133 3603 1281 3670 Stratone
1304 3602 1337 3667 in

202 3705 271 3770 eius
295 3706 399 3773 lexioo
421 3708 583 3791 leguntur.
623 3709 721 3792 Atqui
745 3715 912 3792 utramque
934 3709 1076 3792 glossam
1099 3713 1207 3774 servat
1228 3705 1338 3771 Eudo-

203 3807 252 3873 oia
274 3817 306 3876 et
327 3811 465 3896 priorem
488 3813 617 3896 quidem
640 3813 737 3878 talem
761 3813 866 3896 qualis
887 3813 921 3877 in
943 3812 1021 3878 solis
1040 3811 1201 3879 veteribus
1217 3809 1337 3876 Suidae

201 3912 396 3982 editionibus
418 3923 518 3983 extat.
567 3917 673 3996 Quare
702 3917 770 3982 fieri
799 3937 861 3982 non
890 3923 994 4003 potest
1021 3917 1096 3999 quin
1120 3915 1240 3981 Suidae
1267 3914 1337 3979 edi-

200 4015 298 4101 tione,
325 4040 386 4084 non
409 4020 481 4086 eius
503 4020 590 4088 fonte
613 4041 673 4088 uso
695 4021 747 4087 sit.

287 4123 323 4187 P.
343 4126 405 4189 426
429 4125 509 4210 περί
525 4127 739 4212 Φιλεταίρου.
764 4124 842 4190 Inde
857 4126 899 4191 ab
914 4114 960 4190 ὧν
975 4122 1046 4190 ἐστι
1061 4124 1228 4207 sequentia
1243 4123 1338 4188 omit·

201 4225 238 4291 tit
261 4226 307 4302 A;
340 4222 624 4314 αὐτοφιλεταίρου
646 4230 683 4294 Β.
711 4231 763 4308 V.,
802 4226 1033 4314 Νικοστράτου
1056 4229 1107 4310 V.,
1142 4221 1337 4314 Αὐτοφιλέ-

203 4355 317 4416 ταιρυς
339 4339 371 4398 et
399 4331 609 4420 Νικοστράτη
633 4341 741 4400 seruat
763 4354 834 4398 oum
857 4334 945 4416 vulg.
972 4333 1124 4398 Eudocia.
