<?xml version="1.0" encoding="UTF-8"?>
<!DOCTYPE html PUBLIC "-//W3C//DTD XHTML 1.0 Transitional//EN"
    "http://www.w3.org/TR/xhtml1/DTD/xhtml1-transitional.dtd">
<html xmlns="http://www.w3.org/1999/xhtml" xml:lang="en" lang="en">
 <head>
  <title>
</title>
<meta http-equiv="Content-Type" content="text/html;charset=utf-8" />
  <meta name='ocr-system' content='tesseract 3.04.00' />
  <meta name='ocr-capabilities' content='ocr_page ocr_carea ocr_par ocr_line ocrx_word'/>
</head>
<body>
  <div class='ocr_page' id='page_1' title='image "./dissertationesp02stragoog_0304.png"; bbox 0 0 3274 4934; ppageno 0'>
   <div class='ocr_carea' id='block_1_1' title="bbox 661 391 872 452">
    <p class='ocr_par' dir='ltr' id='par_1_1' title="bbox 661 391 872 452">
     <span class='ocr_line' id='line_1_1' title="bbox 661 391 872 452; baseline -0.005 -15"><span class='ocrx_word' id='word_1_1' title='bbox 661 391 872 452; x_wconf 48' lang='grc' dir='ltr'>,νμ-</span> 
     </span>
    </p>
   </div>
   <div class='ocr_carea' id='block_1_2' title="bbox 196 558 1323 1070">
    <p class='ocr_par' dir='ltr' id='par_1_2' title="bbox 196 553 1323 1070">
     <span class='ocr_line' id='line_1_2' title="bbox 199 558 1027 652; baseline -0.012 -18"><span class='ocrx_word' id='word_1_2' title='bbox 199 563 304 643; x_wconf 60' lang='lat' dir='ltr'>Alton</span> <span class='ocrx_word' id='word_1_3' title='bbox 327 569 383 632; x_wconf 84' lang='grc' dir='ltr'>καὶ</span> <span class='ocrx_word' id='word_1_4' title='bbox 406 562 552 652; x_wconf 77' lang='grc' dir='ltr'><strong><em>γεράρω,</em></strong></span> <span class='ocrx_word' id='word_1_5' title='bbox 580 567 740 644; x_wconf 78' lang='grc' dir='ltr'><strong><em>Μέμνον,</em></strong></span> <span class='ocrx_word' id='word_1_6' title='bbox 768 560 832 652; x_wconf 90' lang='grc' dir='ltr'>πάι</span> <span class='ocrx_word' id='word_1_7' title='bbox 858 558 1027 625; x_wconf 84' lang='grc' dir='ltr'><strong><em>Τιθωνσισ</em></strong></span> 
     </span>
     <span class='ocr_line' id='line_1_3' title="bbox 287 661 959 758; baseline -0.009 -22"><span class='ocrx_word' id='word_1_8' title='bbox 287 669 426 758; x_wconf 68' lang='grc' dir='ltr'>Θηβαίας</span> <span class='ocrx_word' id='word_1_9' title='bbox 450 667 592 734; x_wconf 84' lang='grc' dir='ltr'><strong><em>θάσσων</em></strong></span> <span class='ocrx_word' id='word_1_10' title='bbox 614 661 699 733; x_wconf 69' lang='grc' dir='ltr'><strong><em>ὄντα</em></strong></span> <span class='ocrx_word' id='word_1_11' title='bbox 721 669 806 742; x_wconf 79' lang='grc' dir='ltr'><strong><em>Δέος</em></strong></span> <span class='ocrx_word' id='word_1_12' title='bbox 829 661 959 747; x_wconf 74' lang='grc' dir='ltr'><strong><em>πόλιος,</em></strong></span> 
     </span>
     <span class='ocr_line' id='line_1_4' title="bbox 199 765 1323 882; baseline -0.004 -42"><span class='ocrx_word' id='word_1_13' title='bbox 199 771 217 882; x_wconf 67' lang='grc' dir='ltr'><em>ἢ</em></span> <span class='ocrx_word' id='word_1_14' title='bbox 240 773 412 858; x_wconf 69' lang='grc' dir='ltr'><strong><em>Ἀμένωθ,</em></strong></span> <span class='ocrx_word' id='word_1_15' title='bbox 438 773 579 856; x_wconf 61' lang='lat' dir='ltr'>flacitae</span> <span class='ocrx_word' id='word_1_16' title='bbox 600 767 787 856; x_wconf 74' lang='grc' dir='ltr'><em>Αἰγύπτιε,</em></span> <span class='ocrx_word' id='word_1_17' title='bbox 814 765 877 845; x_wconf 82' lang='grc' dir='ltr'>τὼς</span> <span class='ocrx_word' id='word_1_18' title='bbox 900 767 1073 837; x_wconf 77' lang='grc' dir='ltr'><strong><em>ἐνέποισιν</em></strong></span> <span class='ocrx_word' id='word_1_19' title='bbox 1310 801 1323 840; x_wconf 73' lang='lat' dir='ltr'>s</span> 
     </span>
     <span class='ocr_line' id='line_1_5' title="bbox 196 871 914 970; baseline -0.007 -27"><span class='ocrx_word' id='word_1_20' title='bbox 196 962 199 970; x_wconf 21' lang='grc' dir='ltr'><strong>μ</strong></span> <span class='ocrx_word' id='word_1_21' title='bbox 285 877 377 966; x_wconf 75' lang='grc' dir='ltr'><strong><em>ἴρηες</em></strong></span> <span class='ocrx_word' id='word_1_22' title='bbox 398 873 523 960; x_wconf 82' lang='grc' dir='ltr'><strong><em>μύθων</em></strong></span> <span class='ocrx_word' id='word_1_23' title='bbox 545 882 611 942; x_wconf 80' lang='grc' dir='ltr'>τῶν</span> <span class='ocrx_word' id='word_1_24' title='bbox 633 871 778 940; x_wconf 79' lang='grc' dir='ltr'><strong><em>παλάων</em></strong></span> <span class='ocrx_word' id='word_1_25' title='bbox 800 871 914 960; x_wconf 78' lang='grc' dir='ltr'><strong><em>ἴδριες,</em></strong></span> 
     </span>
     <span class='ocr_line' id='line_1_6' title="bbox 198 971 1162 1070; baseline -0.002 -23"><span class='ocrx_word' id='word_1_26' title='bbox 198 995 294 1070; x_wconf 82' lang='grc' dir='ltr'><strong><em>χαῖρε</em></strong></span> <span class='ocrx_word' id='word_1_27' title='bbox 317 983 374 1048; x_wconf 86' lang='grc' dir='ltr'>καὶ</span> <span class='ocrx_word' id='word_1_28' title='bbox 397 973 563 1058; x_wconf 80' lang='grc' dir='ltr'><strong><em>αὐδάσαις</em></strong></span> <span class='ocrx_word' id='word_1_29' title='bbox 586 977 756 1068; x_wconf 79' lang='grc' dir='ltr'><strong><em>πρόφρων</em></strong></span> <span class='ocrx_word' id='word_1_30' title='bbox 779 971 982 1062; x_wconf 80' lang='grc' dir='ltr'><strong><em>ἀσπάσό[ε]σ</em></strong></span> <span class='ocrx_word' id='word_1_31' title='bbox 1010 972 1162 1064; x_wconf 78' lang='grc' dir='ltr'><strong><em>[καῦτα]ν</em></strong></span> 
     </span>
    </p>
   </div>
   <div class='ocr_carea' id='block_1_3' title="bbox 197 1079 1322 2418">
    <p class='ocr_par' dir='ltr' id='par_1_3' title="bbox 197 1079 1322 2418">
     <span class='ocr_line' id='line_1_7' title="bbox 283 1079 1067 1172; baseline -0.004 -20"><span class='ocrx_word' id='word_1_32' title='bbox 283 1085 345 1154; x_wconf 83' lang='grc' dir='ltr'>τὰν</span> <span class='ocrx_word' id='word_1_33' title='bbox 367 1092 496 1172; x_wconf 87' lang='grc' dir='ltr'><strong><em>σέμναν</em></strong></span> <span class='ocrx_word' id='word_1_34' title='bbox 521 1079 671 1170; x_wconf 68' lang='grc' dir='ltr'><strong><em>[α’]λσχον</em></strong></span> <span class='ocrx_word' id='word_1_35' title='bbox 693 1081 839 1170; x_wconf 84' lang='grc' dir='ltr'><strong><em>καιράνω</em></strong></span> <span class='ocrx_word' id='word_1_36' title='bbox 862 1080 1067 1170; x_wconf 70' lang='grc' dir='ltr'><strong><em>Ἀδρι[ά]νω.</em></strong></span> 
     </span>
     <span class='ocr_line' id='line_1_8' title="bbox 201 1184 1297 1278; baseline -0.003 -19"><span class='ocrx_word' id='word_1_37' title='bbox 201 1199 230 1259; x_wconf 89' lang='grc' dir='ltr'>Γ</span> <span class='ocrx_word' id='word_1_38' title='bbox 229 1195 363 1259; x_wconf 84' lang='grc' dir='ltr'><strong><em>λῶσσαν</em></strong></span> <span class='ocrx_word' id='word_1_39' title='bbox 383 1197 447 1276; x_wconf 88' lang='grc' dir='ltr'>μέν</span> <span class='ocrx_word' id='word_1_40' title='bbox 469 1215 522 1256; x_wconf 84' lang='grc' dir='ltr'>τοι</span> <span class='ocrx_word' id='word_1_41' title='bbox 543 1189 646 1273; x_wconf 83' lang='grc' dir='ltr'><strong><em>τμᾶξε</em></strong></span> <span class='ocrx_word' id='word_1_42' title='bbox 670 1188 727 1254; x_wconf 80' lang='grc' dir='ltr'>καὶ</span> <span class='ocrx_word' id='word_1_43' title='bbox 749 1184 895 1273; x_wconf 71' lang='grc' dir='ltr'>ι’έ[α]τ[α]</span> <span class='ocrx_word' id='word_1_44' title='bbox 925 1186 1148 1276; x_wconf 71' lang='grc' dir='ltr'>[βάρ]β[αρσς]</span> <span class='ocrx_word' id='word_1_45' title='bbox 1175 1185 1297 1278; x_wconf 77' lang='grc' dir='ltr'>ἅνη[ρ],</span> 
     </span>
     <span class='ocr_line' id='line_1_9' title="bbox 285 1290 1322 1380; baseline -0.004 -18"><span class='ocrx_word' id='word_1_46' title='bbox 285 1293 486 1380; x_wconf 76' lang='grc' dir='ltr'><strong><em>Καμβύσαις</em></strong></span> <span class='ocrx_word' id='word_1_47' title='bbox 510 1290 615 1370; x_wconf 77' lang='grc' dir='ltr'><strong><em>ἄθεος</em></strong></span> <span class='ocrx_word' id='word_1_48' title='bbox 637 1327 891 1342; x_wconf 91' lang='lat'>-------</span> <span class='ocrx_word' id='word_1_49' title='bbox 1297 1319 1322 1361; x_wconf 90' lang='lat' dir='ltr'>ru</span> 
     </span>
     <span class='ocr_line' id='line_1_10' title="bbox 197 1384 1095 1480; baseline -0.007 -14"><span class='ocrx_word' id='word_1_50' title='bbox 197 1401 302 1467; x_wconf 77' lang='grc' dir='ltr'><strong><em>δῶκέν</em></strong></span> <span class='ocrx_word' id='word_1_51' title='bbox 323 1423 377 1466; x_wconf 81' lang='grc' dir='ltr'>τοι</span> <span class='ocrx_word' id='word_1_52' title='bbox 398 1402 524 1466; x_wconf 80' lang='grc' dir='ltr'><strong><em>ποίνσν</em></strong></span> <span class='ocrx_word' id='word_1_53' title='bbox 546 1403 592 1462; x_wconf 81' lang='grc' dir='ltr'>τῶ</span> <span class='ocrx_word' id='word_1_54' title='bbox 614 1403 662 1462; x_wconf 86' lang='grc' dir='ltr'><strong><em>σιῖι</em></strong></span> <span class='ocrx_word' id='word_1_55' title='bbox 688 1392 794 1479; x_wconf 83' lang='grc' dir='ltr'><strong><em>(πόνω</em></strong></span> <span class='ocrx_word' id='word_1_56' title='bbox 819 1388 896 1480; x_wconf 76' lang='grc' dir='ltr'><strong><em>ἅσρέ</em></strong></span> <span class='ocrx_word' id='word_1_57' title='bbox 918 1388 945 1459; x_wconf 86' lang='grc' dir='ltr'>τ’</span> <span class='ocrx_word' id='word_1_58' title='bbox 971 1384 1095 1480; x_wconf 83' lang='grc' dir='ltr'><strong><em>αὗτος,)</em></strong></span> 
     </span>
     <span class='ocr_line' id='line_1_11' title="bbox 282 1491 1049 1591; baseline -0.005 -23"><span class='ocrx_word' id='word_1_59' title='bbox 282 1511 330 1590; x_wconf 79' lang='grc' dir='ltr'>τῷ</span> <span class='ocrx_word' id='word_1_60' title='bbox 349 1496 476 1591; x_wconf 66' lang='lat' dir='ltr'>’opica&#39;</span> <span class='ocrx_word' id='word_1_61' title='bbox 494 1491 609 1585; x_wconf 77' lang='grc' dir='ltr'><strong><em>Ἆπιν,</em></strong></span> <span class='ocrx_word' id='word_1_62' title='bbox 641 1497 800 1586; x_wconf 82' lang='grc' dir='ltr'><strong><em>(κάτθανε</em></strong></span> <span class='ocrx_word' id='word_1_63' title='bbox 824 1495 1049 1586; x_wconf 88' lang='grc' dir='ltr'><strong><em>θεινόμενος).</em></strong></span> 
     </span>
     <span class='ocr_line' id='line_1_12' title="bbox 198 1597 1247 1696; baseline 0 -24"><span class='ocrx_word' id='word_1_64' title='bbox 198 1601 283 1672; x_wconf 74' lang='lat' dir='ltr'>lrlt’</span> <span class='ocrx_word' id='word_1_65' title='bbox 309 1606 374 1696; x_wconf 73' lang='grc' dir='ltr'>ἔμω</span> <span class='ocrx_word' id='word_1_66' title='bbox 398 1601 438 1672; x_wconf 83' lang='grc' dir='ltr'>σύ</span> <span class='ocrx_word' id='word_1_67' title='bbox 460 1607 628 1688; x_wconf 78' lang='grc' dir='ltr'><strong><em>ὀσκίμωμι</em></strong></span> <span class='ocrx_word' id='word_1_68' title='bbox 650 1608 755 1670; x_wconf 87' lang='grc' dir='ltr'><strong><em>σέθεν</em></strong></span> <span class='ocrx_word' id='word_1_69' title='bbox 776 1601 867 1686; x_wconf 74' lang='lat' dir='ltr'>rutile</span> <span class='ocrx_word' id='word_1_70' title='bbox 891 1597 1010 1685; x_wconf 77' lang='grc' dir='ltr'><strong><em>πνεῦμ’</em></strong></span> <span class='ocrx_word' id='word_1_71' title='bbox 1036 1597 1247 1672; x_wconf 82' lang='grc' dir='ltr'><strong><em>ἆπόλεσθαι·</em></strong></span> 
     </span>
     <span class='ocr_line' id='line_1_13' title="bbox 285 1704 1091 1796; baseline -0.005 -18"><span class='ocrx_word' id='word_1_72' title='bbox 285 1709 400 1796; x_wconf 80' lang='grc' dir='ltr'><strong><em>ψύχαν</em></strong></span> <span class='ocrx_word' id='word_1_73' title='bbox 427 1705 460 1776; x_wconf 77' lang='grc' dir='ltr'>δ’</span> <span class='ocrx_word' id='word_1_74' title='bbox 487 1704 667 1776; x_wconf 81' lang='grc' dir='ltr'><strong><em>ἀθανάταν</em></strong></span> <span class='ocrx_word' id='word_1_75' title='bbox 689 1709 811 1774; x_wconf 82' lang='grc' dir='ltr'><strong><em>λσῐπσν</em></strong></span> <span class='ocrx_word' id='word_1_76' title='bbox 833 1705 939 1774; x_wconf 86' lang='grc' dir='ltr'><strong><em>έσωσε</em></strong></span> <span class='ocrx_word' id='word_1_77' title='bbox 965 1707 1091 1791; x_wconf 81' lang='grc' dir='ltr'><strong><em>[δέμας.</em></strong></span> 
     </span>
     <span class='ocr_line' id='line_1_14' title="bbox 200 1807 1321 1901; baseline 0 -20"><span class='ocrx_word' id='word_1_78' title='bbox 200 1809 362 1898; x_wconf 76' lang='grc' dir='ltr'><strong><em>Εὖσέβεες</em></strong></span> <span class='ocrx_word' id='word_1_79' title='bbox 384 1812 447 1901; x_wconf 76' lang='grc' dir='ltr'>γὰρ</span> <span class='ocrx_word' id='word_1_80' title='bbox 471 1813 547 1897; x_wconf 81' lang='grc' dir='ltr'><strong><em>έμσι</em></strong></span> <span class='ocrx_word' id='word_1_81' title='bbox 569 1818 701 1898; x_wconf 77' lang='grc' dir='ltr'><strong><em>γίνεται</em></strong></span> <span class='ocrx_word' id='word_1_82' title='bbox 728 1812 842 1896; x_wconf 86' lang='grc' dir='ltr'><strong><em>(σέθεν</em></strong></span> <span class='ocrx_word' id='word_1_83' title='bbox 864 1811 983 1879; x_wconf 81' lang='grc' dir='ltr'><strong><em>έκλασν</em></strong></span> <span class='ocrx_word' id='word_1_84' title='bbox 1005 1807 1119 1898; x_wconf 63' lang='lat' dir='ltr'>aicius)</span> <span class='ocrx_word' id='word_1_85' title='bbox 1298 1843 1321 1883; x_wconf 76' lang='lat' dir='ltr'>rs</span> 
     </span>
     <span class='ocr_line' id='line_1_15' title="bbox 284 1908 1146 2003; baseline -0.003 -19"><span class='ocrx_word' id='word_1_86' title='bbox 284 1915 474 2001; x_wconf 73' lang='grc' dir='ltr'><strong><em>Βάλβιλλός</em></strong></span> <span class='ocrx_word' id='word_1_87' title='bbox 496 1911 529 1982; x_wconf 77' lang='grc' dir='ltr'>τ’</span> <span class='ocrx_word' id='word_1_88' title='bbox 555 1910 573 1982; x_wconf 82' lang='grc' dir='ltr'><em>ὃ</em></span> <span class='ocrx_word' id='word_1_89' title='bbox 597 1913 706 2003; x_wconf 84' lang='grc' dir='ltr'><strong><em>σόφσς</em></strong></span> <span class='ocrx_word' id='word_1_90' title='bbox 729 1908 906 1999; x_wconf 81' lang='grc' dir='ltr'><strong><em>κᾶννέοχσς</em></strong></span> <span class='ocrx_word' id='word_1_91' title='bbox 927 1916 1146 2000; x_wconf 55' lang='grc' dir='ltr'><strong><em>βῐασμλεισς·</em></strong></span> 
     </span>
     <span class='ocr_line' id='line_1_16' title="bbox 200 2013 1093 2107; baseline -0.007 -18"><span class='ocrx_word' id='word_1_92' title='bbox 200 2021 390 2106; x_wconf 52' lang='lat' dir='ltr'>uetustior-</span> <span class='ocrx_word' id='word_1_93' title='bbox 412 2025 562 2107; x_wconf 81' lang='grc' dir='ltr'><strong><em>νενέιαις</em></strong></span> <span class='ocrx_word' id='word_1_94' title='bbox 584 2026 712 2106; x_wconf 82' lang='grc' dir='ltr'><strong><em>μᾶνρσς</em></strong></span> <span class='ocrx_word' id='word_1_95' title='bbox 733 2016 930 2106; x_wconf 57' lang='lat' dir='ltr'>peculiarius·</span> <span class='ocrx_word' id='word_1_96' title='bbox 955 2013 1093 2104; x_wconf 74' lang='grc' dir='ltr'><strong><em>[ἅκμας·</em></strong></span> 
     </span>
     <span class='ocr_line' id='line_1_17' title="bbox 284 2120 1079 2212; baseline -0.001 -20"><span class='ocrx_word' id='word_1_97' title='bbox 284 2133 330 2192; x_wconf 85' lang='grc' dir='ltr'>τῶ</span> <span class='ocrx_word' id='word_1_98' title='bbox 352 2122 499 2212; x_wconf 83' lang='grc' dir='ltr'><strong><em>πάτερος</em></strong></span> <span class='ocrx_word' id='word_1_99' title='bbox 522 2125 559 2190; x_wconf 82' lang='grc' dir='ltr'>δὲ</span> <span class='ocrx_word' id='word_1_100' title='bbox 581 2121 693 2211; x_wconf 77' lang='grc' dir='ltr'><strong><em>πάτηρ</em></strong></span> <span class='ocrx_word' id='word_1_101' title='bbox 717 2120 888 2206; x_wconf 66' lang='grc' dir='ltr'><strong><em>Ἀντίοχος</em></strong></span> <span class='ocrx_word' id='word_1_102' title='bbox 909 2124 1079 2206; x_wconf 75' lang='grc' dir='ltr'><strong><em>βασίλεως.</em></strong></span> 
     </span>
     <span class='ocr_line' id='line_1_18' title="bbox 199 2220 1080 2320; baseline -0.005 -22"><span class='ocrx_word' id='word_1_103' title='bbox 199 2229 321 2320; x_wconf 78' lang='grc' dir='ltr'><strong><em>Κήνων</em></strong></span> <span class='ocrx_word' id='word_1_104' title='bbox 344 2228 380 2296; x_wconf 86' lang='grc' dir='ltr'>έκ</span> <span class='ocrx_word' id='word_1_105' title='bbox 402 2233 520 2314; x_wconf 75' lang='grc' dir='ltr'><strong><em>γενέας</em></strong></span> <span class='ocrx_word' id='word_1_106' title='bbox 543 2223 632 2312; x_wconf 76' lang='grc' dir='ltr'>κᾶνω</span> <span class='ocrx_word' id='word_1_107' title='bbox 653 2221 769 2310; x_wconf 83' lang='grc' dir='ltr'><strong><em>’λόχον</em></strong></span> <span class='ocrx_word' id='word_1_108' title='bbox 792 2220 876 2310; x_wconf 74' lang='grc' dir='ltr'><strong><em>αἱμα</em></strong></span> <span class='ocrx_word' id='word_1_109' title='bbox 898 2225 936 2292; x_wconf 85' lang='grc' dir='ltr'>τὸ</span> <span class='ocrx_word' id='word_1_110' title='bbox 960 2228 1080 2294; x_wconf 82' lang='grc' dir='ltr'><strong><em>κᾰλσν·</em></strong></span> 
     </span>
     <span class='ocr_line' id='line_1_19' title="bbox 284 2324 1320 2418; baseline 0 -19"><span class='ocrx_word' id='word_1_111' title='bbox 284 2333 477 2417; x_wconf 66' lang='lat' dir='ltr'>saturatae</span> <span class='ocrx_word' id='word_1_112' title='bbox 500 2326 533 2398; x_wconf 78' lang='grc' dir='ltr'>δ’</span> <span class='ocrx_word' id='word_1_113' title='bbox 559 2329 685 2414; x_wconf 82' lang='grc' dir='ltr'><strong><em>έμιθεν</em></strong></span> <span class='ocrx_word' id='word_1_114' title='bbox 707 2326 840 2418; x_wconf 78' lang='grc' dir='ltr'><strong><em>νρόπτα</em></strong></span> <span class='ocrx_word' id='word_1_115' title='bbox 863 2324 940 2396; x_wconf 79' lang='grc' dir='ltr'>τάδ’</span> <span class='ocrx_word' id='word_1_116' title='bbox 965 2324 1146 2416; x_wconf 62' lang='grc' dir='ltr'><strong><em>εὐσέβεμς.</em></strong></span> <span class='ocrx_word' id='word_1_117' title='bbox 1294 2357 1320 2400; x_wconf 81' lang='lat' dir='ltr'>uo</span> 
     </span>
    </p>
   </div>
   <div class='ocr_carea' id='block_1_4' title="bbox 195 2538 1338 4077">
    <p class='ocr_par' dir='ltr' id='par_1_4' title="bbox 195 2538 1338 4077">
     <span class='ocr_line' id='line_1_20' title="bbox 284 2538 1336 2623; baseline -0.003 -14"><span class='ocrx_word' id='word_1_118' title='bbox 284 2541 434 2609; x_wconf 80' lang='lat' dir='ltr'><strong>Carmina</strong></span> <span class='ocrx_word' id='word_1_119' title='bbox 455 2539 552 2606; x_wconf 87' lang='lat' dir='ltr'>Kaib.</span> <span class='ocrx_word' id='word_1_120' title='bbox 577 2559 610 2604; x_wconf 93' lang='lat' dir='ltr'>n.</span> <span class='ocrx_word' id='word_1_121' title='bbox 635 2541 697 2604; x_wconf 82' lang='lat'>992</span> <span class='ocrx_word' id='word_1_122' title='bbox 719 2544 752 2604; x_wconf 91' lang='lat' dir='ltr'>et</span> <span class='ocrx_word' id='word_1_123' title='bbox 773 2542 830 2604; x_wconf 87' lang='grc'>991</span> <span class='ocrx_word' id='word_1_124' title='bbox 859 2538 891 2602; x_wconf 88' lang='lat' dir='ltr'>in</span> <span class='ocrx_word' id='word_1_125' title='bbox 913 2558 1009 2604; x_wconf 90' lang='lat' dir='ltr'>unum</span> <span class='ocrx_word' id='word_1_126' title='bbox 1029 2539 1193 2623; x_wconf 87' lang='lat' dir='ltr'>iungenda</span> <span class='ocrx_word' id='word_1_127' title='bbox 1208 2561 1280 2606; x_wconf 87' lang='lat' dir='ltr'>esse</span> <span class='ocrx_word' id='word_1_128' title='bbox 1295 2561 1336 2606; x_wconf 85' lang='lat' dir='ltr'>ex</span> 
     </span>
     <span class='ocr_line' id='line_1_21' title="bbox 196 2641 1336 2731; baseline -0.004 -19"><span class='ocrx_word' id='word_1_129' title='bbox 196 2653 283 2714; x_wconf 90' lang='lat' dir='ltr'>certo</span> <span class='ocrx_word' id='word_1_130' title='bbox 299 2645 402 2731; x_wconf 91' lang='lat' dir='ltr'>ipsius</span> <span class='ocrx_word' id='word_1_131' title='bbox 417 2642 479 2709; x_wconf 92' lang='lat' dir='ltr'>loci</span> <span class='ocrx_word' id='word_1_132' title='bbox 496 2662 558 2726; x_wconf 92' lang='lat' dir='ltr'>quo</span> <span class='ocrx_word' id='word_1_133' title='bbox 573 2642 607 2707; x_wconf 92' lang='lat' dir='ltr'>in</span> <span class='ocrx_word' id='word_1_134' title='bbox 623 2641 732 2727; x_wconf 90' lang='lat' dir='ltr'>lapide</span> <span class='ocrx_word' id='word_1_135' title='bbox 747 2641 853 2726; x_wconf 83' lang='lat' dir='ltr'>posita</span> <span class='ocrx_word' id='word_1_136' title='bbox 868 2647 942 2707; x_wconf 88' lang='lat' dir='ltr'>sunt</span> <span class='ocrx_word' id='word_1_137' title='bbox 956 2641 1076 2708; x_wconf 89' lang='lat' dir='ltr'>indicio</span> <span class='ocrx_word' id='word_1_138' title='bbox 1091 2663 1189 2729; x_wconf 87' lang='lat' dir='ltr'>supra</span> <span class='ocrx_word' id='word_1_139' title='bbox 1204 2642 1336 2708; x_wconf 91' lang='lat' dir='ltr'>demon-</span> 
     </span>
     <span class='ocr_line' id='line_1_22' title="bbox 197 2745 1335 2832; baseline -0.004 -16"><span class='ocrx_word' id='word_1_140' title='bbox 197 2751 330 2816; x_wconf 90' lang='lat' dir='ltr'>stratum</span> <span class='ocrx_word' id='word_1_141' title='bbox 346 2755 405 2814; x_wconf 86' lang='lat' dir='ltr'>est.</span> <span class='ocrx_word' id='word_1_142' title='bbox 456 2745 645 2813; x_wconf 81' lang='lat' dir='ltr'>Videbimus</span> <span class='ocrx_word' id='word_1_143' title='bbox 661 2751 767 2810; x_wconf 90' lang='lat' dir='ltr'>antem</span> <span class='ocrx_word' id='word_1_144' title='bbox 783 2752 973 2829; x_wconf 85' lang='lat' dir='ltr'>argumenta</span> <span class='ocrx_word' id='word_1_145' title='bbox 988 2767 1114 2830; x_wconf 90' lang='lat' dir='ltr'>qnoque</span> <span class='ocrx_word' id='word_1_146' title='bbox 1130 2767 1237 2812; x_wconf 90' lang='lat' dir='ltr'>eornm</span> <span class='ocrx_word' id='word_1_147' title='bbox 1253 2747 1335 2832; x_wconf 91' lang='lat' dir='ltr'>opti-</span> 
     </span>
     <span class='ocr_line' id='line_1_23' title="bbox 197 2848 1336 2932; baseline -0.005 -12"><span class='ocrx_word' id='word_1_148' title='bbox 197 2875 248 2920; x_wconf 91' lang='lat' dir='ltr'>me</span> <span class='ocrx_word' id='word_1_149' title='bbox 270 2849 459 2918; x_wconf 88' lang='lat' dir='ltr'>consentire.</span> <span class='ocrx_word' id='word_1_150' title='bbox 505 2849 610 2932; x_wconf 78' lang='lat' dir='ltr'>Atque</span> <span class='ocrx_word' id='word_1_151' title='bbox 632 2869 748 2915; x_wconf 91' lang='lat' dir='ltr'>nomen</span> <span class='ocrx_word' id='word_1_152' title='bbox 772 2848 910 2914; x_wconf 86' lang='lat' dir='ltr'>auctoris</span> <span class='ocrx_word' id='word_1_153' title='bbox 931 2850 1016 2932; x_wconf 86' lang='lat' dir='ltr'>quod</span> <span class='ocrx_word' id='word_1_154' title='bbox 1038 2849 1129 2915; x_wconf 91' lang='lat' dir='ltr'>initio</span> <span class='ocrx_word' id='word_1_155' title='bbox 1150 2871 1182 2916; x_wconf 93' lang='lat' dir='ltr'>n.</span> <span class='ocrx_word' id='word_1_156' title='bbox 1202 2854 1264 2915; x_wconf 81' lang='grc'>992</span> <span class='ocrx_word' id='word_1_157' title='bbox 1287 2851 1336 2915; x_wconf 91' lang='lat' dir='ltr'>in-</span> 
     </span>
     <span class='ocr_line' id='line_1_24' title="bbox 197 2952 1338 3038; baseline -0.004 -14"><span class='ocrx_word' id='word_1_158' title='bbox 197 2956 322 3024; x_wconf 88' lang='lat' dir='ltr'>teriissc</span> <span class='ocrx_word' id='word_1_159' title='bbox 345 2952 536 3020; x_wconf 89' lang='lat' dir='ltr'>Letronnius</span> <span class='ocrx_word' id='word_1_160' title='bbox 553 2959 585 3018; x_wconf 89' lang='lat' dir='ltr'>ct</span> <span class='ocrx_word' id='word_1_161' title='bbox 601 2952 756 3018; x_wconf 76' lang='lat' dir='ltr'>Francius</span> <span class='ocrx_word' id='word_1_162' title='bbox 771 2959 980 3034; x_wconf 86' lang='lat' dir='ltr'>censuerunt,</span> <span class='ocrx_word' id='word_1_163' title='bbox 1007 2973 1071 3018; x_wconf 93' lang='lat' dir='ltr'>nou</span> <span class='ocrx_word' id='word_1_164' title='bbox 1085 2960 1149 3018; x_wconf 83' lang='lat' dir='ltr'>tam</span> <span class='ocrx_word' id='word_1_165' title='bbox 1168 2954 1249 3019; x_wconf 89' lang='lat' dir='ltr'>illnd</span> <span class='ocrx_word' id='word_1_166' title='bbox 1266 2955 1338 3038; x_wconf 92' lang='lat' dir='ltr'>qui-</span> 
     </span>
     <span class='ocr_line' id='line_1_25' title="bbox 197 3054 1337 3144; baseline -0.002 -18"><span class='ocrx_word' id='word_1_167' title='bbox 197 3059 270 3126; x_wconf 88' lang='lat' dir='ltr'>dem</span> <span class='ocrx_word' id='word_1_168' title='bbox 287 3059 519 3144; x_wconf 81' lang='lat' dir='ltr'>epigrammate</span> <span class='ocrx_word' id='word_1_169' title='bbox 535 3058 598 3120; x_wconf 90' lang='grc'>999</span> <span class='ocrx_word' id='word_1_170' title='bbox 613 3055 698 3140; x_wconf 93' lang='lat' dir='ltr'>qnod</span> <span class='ocrx_word' id='word_1_171' title='bbox 714 3055 855 3140; x_wconf 82' lang='lat' dir='ltr'>proxime</span> <span class='ocrx_word' id='word_1_172' title='bbox 870 3054 1032 3120; x_wconf 78' lang='lat' dir='ltr'>antecedit</span> <span class='ocrx_word' id='word_1_173' title='bbox 1047 3076 1143 3138; x_wconf 87' lang='lat' dir='ltr'>quam</span> <span class='ocrx_word' id='word_1_174' title='bbox 1159 3056 1231 3142; x_wconf 90' lang='lat' dir='ltr'>ipsa</span> <span class='ocrx_word' id='word_1_175' title='bbox 1246 3065 1337 3142; x_wconf 90' lang='lat' dir='ltr'>parte</span> 
     </span>
     <span class='ocr_line' id='line_1_26' title="bbox 197 3158 1337 3250; baseline -0.003 -21"><span class='ocrx_word' id='word_1_176' title='bbox 197 3163 371 3250; x_wconf 88' lang='lat' dir='ltr'>posteriore</span> <span class='ocrx_word' id='word_1_177' title='bbox 392 3158 542 3226; x_wconf 81' lang='lat' dir='ltr'>carminis</span> <span class='ocrx_word' id='word_1_178' title='bbox 558 3162 617 3224; x_wconf 92' lang='grc'>991</span> <span class='ocrx_word' id='word_1_179' title='bbox 637 3159 827 3226; x_wconf 76' lang='lat' dir='ltr'>declaratur.</span> <span class='ocrx_word' id='word_1_180' title='bbox 855 3159 996 3225; x_wconf 84' lang='lat' dir='ltr'>Balbillo</span> <span class='ocrx_word' id='word_1_181' title='bbox 1009 3167 1116 3226; x_wconf 91' lang='lat' dir='ltr'>autem</span> <span class='ocrx_word' id='word_1_182' title='bbox 1134 3181 1205 3226; x_wconf 89' lang='lat' dir='ltr'>oum</span> <span class='ocrx_word' id='word_1_183' title='bbox 1223 3182 1255 3225; x_wconf 90' lang='lat' dir='ltr'>n.</span> <span class='ocrx_word' id='word_1_184' title='bbox 1276 3165 1337 3226; x_wconf 84' lang='grc'>999</span> 
     </span>
     <span class='ocr_line' id='line_1_27' title="bbox 196 3261 1338 3351; baseline -0.002 -19"><span class='ocrx_word' id='word_1_185' title='bbox 196 3268 260 3334; x_wconf 90' lang='lat' dir='ltr'>iam</span> <span class='ocrx_word' id='word_1_186' title='bbox 276 3265 441 3332; x_wconf 89' lang='lat' dir='ltr'>nominata</span> <span class='ocrx_word' id='word_1_187' title='bbox 456 3269 559 3345; x_wconf 88' lang='lat' dir='ltr'>esset,</span> <span class='ocrx_word' id='word_1_188' title='bbox 586 3285 618 3330; x_wconf 89' lang='lat' dir='ltr'>v.</span> <span class='ocrx_word' id='word_1_189' title='bbox 637 3266 656 3326; x_wconf 82' lang='lat'><strong>2</strong></span> <span class='ocrx_word' id='word_1_190' title='bbox 679 3261 841 3351; x_wconf 71' lang='grc' dir='ltr'><strong><em>ἐγενόμην</em></strong></span> <span class='ocrx_word' id='word_1_191' title='bbox 863 3263 990 3329; x_wconf 92' lang='lat' dir='ltr'>nomine</span> <span class='ocrx_word' id='word_1_192' title='bbox 1006 3283 1069 3328; x_wconf 93' lang='lat' dir='ltr'>non</span> <span class='ocrx_word' id='word_1_193' title='bbox 1085 3263 1195 3329; x_wconf 89' lang='lat' dir='ltr'>addito</span> <span class='ocrx_word' id='word_1_194' title='bbox 1210 3264 1338 3350; x_wconf 77' lang='lat' dir='ltr'>scripsit</span> 
     </span>
     <span class='ocr_line' id='line_1_28' title="bbox 197 3348 1335 3453; baseline -0.003 -16"><span class='ocrx_word' id='word_1_195' title='bbox 197 3392 255 3438; x_wconf 90' lang='lat' dir='ltr'>suo</span> <span class='ocrx_word' id='word_1_196' title='bbox 270 3370 350 3436; x_wconf 90' lang='lat' dir='ltr'>iure.</span> <span class='ocrx_word' id='word_1_197' title='bbox 382 3368 452 3434; x_wconf 87' lang='lat' dir='ltr'>Neo</span> <span class='ocrx_word' id='word_1_198' title='bbox 467 3377 563 3452; x_wconf 82' lang='grc' dir='ltr'><strong><em>χαῖρε</em></strong></span> <span class='ocrx_word' id='word_1_199' title='bbox 580 3386 657 3433; x_wconf 90' lang='lat' dir='ltr'>voce</span> <span class='ocrx_word' id='word_1_200' title='bbox 673 3388 768 3450; x_wconf 87' lang='lat' dir='ltr'>quam</span> <span class='ocrx_word' id='word_1_201' title='bbox 787 3367 977 3434; x_wconf 86' lang='lat' dir='ltr'>Letronnins</span> <span class='ocrx_word' id='word_1_202' title='bbox 992 3388 1024 3432; x_wconf 90' lang='lat' dir='ltr'>n.</span> <span class='ocrx_word' id='word_1_203' title='bbox 1044 3371 1106 3430; x_wconf 78' lang='lat'>992</span> <span class='ocrx_word' id='word_1_204' title='bbox 1122 3348 1335 3453; x_wconf 68' lang='lat' dir='ltr'>supplendam</span> 
     </span>
     <span class='ocr_line' id='line_1_29' title="bbox 197 3470 1333 3555; baseline -0.004 -14"><span class='ocrx_word' id='word_1_205' title='bbox 197 3494 270 3541; x_wconf 90' lang='lat' dir='ltr'>esse</span> <span class='ocrx_word' id='word_1_206' title='bbox 285 3473 426 3554; x_wconf 85' lang='lat' dir='ltr'>censuit,</span> <span class='ocrx_word' id='word_1_207' title='bbox 455 3478 490 3538; x_wconf 90' lang='lat' dir='ltr'>ut</span> <span class='ocrx_word' id='word_1_208' title='bbox 505 3491 633 3538; x_wconf 91' lang='lat' dir='ltr'>carmen</span> <span class='ocrx_word' id='word_1_209' title='bbox 649 3471 775 3536; x_wconf 91' lang='lat' dir='ltr'>omnino</span> <span class='ocrx_word' id='word_1_210' title='bbox 791 3471 867 3554; x_wconf 90' lang='lat' dir='ltr'>qnid</span> <span class='ocrx_word' id='word_1_211' title='bbox 884 3470 943 3535; x_wconf 89' lang='lat' dir='ltr'>sibi</span> <span class='ocrx_word' id='word_1_212' title='bbox 961 3471 1060 3538; x_wconf 81' lang='lat' dir='ltr'>vellet</span> <span class='ocrx_word' id='word_1_213' title='bbox 1081 3471 1333 3555; x_wconf 83' lang='lat' dir='ltr'>intellegeretur,</span> 
     </span>
     <span class='ocr_line' id='line_1_30' title="bbox 195 3573 1333 3658; baseline -0.004 -14"><span class='ocrx_word' id='word_1_214' title='bbox 195 3579 261 3644; x_wconf 91' lang='lat' dir='ltr'>iam</span> <span class='ocrx_word' id='word_1_215' title='bbox 287 3596 434 3646; x_wconf 87' lang='lat' dir='ltr'>caremus</span> <span class='ocrx_word' id='word_1_216' title='bbox 449 3597 480 3642; x_wconf 94' lang='lat' dir='ltr'>n.</span> <span class='ocrx_word' id='word_1_217' title='bbox 508 3579 568 3640; x_wconf 90' lang='grc'>991</span> <span class='ocrx_word' id='word_1_218' title='bbox 597 3573 723 3641; x_wconf 91' lang='lat' dir='ltr'>addito:</span> <span class='ocrx_word' id='word_1_219' title='bbox 763 3581 798 3640; x_wconf 92' lang='lat' dir='ltr'>ut</span> <span class='ocrx_word' id='word_1_220' title='bbox 820 3575 977 3658; x_wconf 86' lang='lat' dir='ltr'>integrum</span> <span class='ocrx_word' id='word_1_221' title='bbox 1001 3595 1128 3641; x_wconf 89' lang='lat' dir='ltr'>carmen</span> <span class='ocrx_word' id='word_1_222' title='bbox 1155 3581 1333 3642; x_wconf 85' lang='lat' dir='ltr'>teneamus.</span> 
     </span>
     <span class='ocr_line' id='line_1_31' title="bbox 197 3679 1336 3768; baseline 0 -22"><span class='ocrx_word' id='word_1_223' title='bbox 197 3683 342 3768; x_wconf 89' lang='lat' dir='ltr'>Denique</span> <span class='ocrx_word' id='word_1_224' title='bbox 359 3681 456 3748; x_wconf 91' lang='lat' dir='ltr'>totius</span> <span class='ocrx_word' id='word_1_225' title='bbox 472 3679 622 3747; x_wconf 88' lang='lat' dir='ltr'>carminis</span> <span class='ocrx_word' id='word_1_226' title='bbox 638 3687 861 3763; x_wconf 85' lang='lat' dir='ltr'>argumentum</span> <span class='ocrx_word' id='word_1_227' title='bbox 877 3699 974 3744; x_wconf 92' lang='lat' dir='ltr'>unum</span> <span class='ocrx_word' id='word_1_228' title='bbox 990 3687 1040 3746; x_wconf 84' lang='lat' dir='ltr'>cst</span> <span class='ocrx_word' id='word_1_229' title='bbox 1054 3687 1086 3746; x_wconf 89' lang='lat' dir='ltr'>et</span> <span class='ocrx_word' id='word_1_230' title='bbox 1099 3679 1253 3765; x_wconf 86' lang='lat' dir='ltr'>simplex:</span> <span class='ocrx_word' id='word_1_231' title='bbox 1274 3701 1336 3763; x_wconf 90' lang='lat' dir='ltr'>quo</span> 
     </span>
     <span class='ocr_line' id='line_1_32' title="bbox 196 3781 1335 3870; baseline 0 -20"><span class='ocrx_word' id='word_1_232' title='bbox 196 3785 344 3851; x_wconf 88' lang='lat' dir='ltr'>Memnon</span> <span class='ocrx_word' id='word_1_233' title='bbox 359 3783 543 3870; x_wconf 86' lang='lat' dir='ltr'>appellatus</span> <span class='ocrx_word' id='word_1_234' title='bbox 559 3789 723 3866; x_wconf 81' lang='lat' dir='ltr'>exoratur,</span> <span class='ocrx_word' id='word_1_235' title='bbox 749 3791 785 3850; x_wconf 95' lang='lat' dir='ltr'>ut</span> <span class='ocrx_word' id='word_1_236' title='bbox 804 3784 837 3848; x_wconf 92' lang='lat' dir='ltr'>in</span> <span class='ocrx_word' id='word_1_237' title='bbox 854 3781 995 3848; x_wconf 83' lang='lat' dir='ltr'>Sabinae</span> <span class='ocrx_word' id='word_1_238' title='bbox 1010 3783 1177 3866; x_wconf 80' lang='lat' dir='ltr'>Augustae</span> <span class='ocrx_word' id='word_1_239' title='bbox 1198 3783 1335 3867; x_wconf 85' lang='lat' dir='ltr'>gratiam</span> 
     </span>
     <span class='ocr_line' id='line_1_33' title="bbox 196 3885 1337 3972; baseline 0 -20"><span class='ocrx_word' id='word_1_240' title='bbox 196 3895 303 3970; x_wconf 87' lang='lat' dir='ltr'>sonet,</span> <span class='ocrx_word' id='word_1_241' title='bbox 330 3886 439 3953; x_wconf 88' lang='lat' dir='ltr'>addito</span> <span class='ocrx_word' id='word_1_242' title='bbox 454 3885 634 3952; x_wconf 89' lang='lat' dir='ltr'>testimonio</span> <span class='ocrx_word' id='word_1_243' title='bbox 658 3885 699 3952; x_wconf 89' lang='lat' dir='ltr'>de</span> <span class='ocrx_word' id='word_1_244' title='bbox 719 3885 821 3972; x_wconf 88' lang='lat' dir='ltr'>ipsius</span> <span class='ocrx_word' id='word_1_245' title='bbox 843 3885 984 3972; x_wconf 85' lang='lat' dir='ltr'>poetriae</span> <span class='ocrx_word' id='word_1_246' title='bbox 1000 3905 1083 3970; x_wconf 89' lang='lat' dir='ltr'>quae</span> <span class='ocrx_word' id='word_1_247' title='bbox 1099 3906 1228 3952; x_wconf 88' lang='lat' dir='ltr'>carmen</span> <span class='ocrx_word' id='word_1_248' title='bbox 1244 3886 1337 3952; x_wconf 89' lang='lat' dir='ltr'>dedi-</span> 
     </span>
     <span class='ocr_line' id='line_1_34' title="bbox 196 3989 896 4077; baseline -0.007 -19"><span class='ocrx_word' id='word_1_249' title='bbox 196 3998 306 4058; x_wconf 88' lang='lat' dir='ltr'>catura</span> <span class='ocrx_word' id='word_1_250' title='bbox 321 3997 371 4058; x_wconf 89' lang='lat' dir='ltr'>est</span> <span class='ocrx_word' id='word_1_251' title='bbox 385 3991 507 4077; x_wconf 89' lang='lat' dir='ltr'>pietate</span> <span class='ocrx_word' id='word_1_252' title='bbox 522 4011 544 4056; x_wconf 89' lang='lat' dir='ltr'>a</span> <span class='ocrx_word' id='word_1_253' title='bbox 562 3989 736 4056; x_wconf 87' lang='lat' dir='ltr'>maioribus</span> <span class='ocrx_word' id='word_1_254' title='bbox 752 3995 896 4075; x_wconf 87' lang='lat' dir='ltr'>accepta.</span> 
     </span>
    </p>
   </div>
   <div class='ocr_carea' id='block_1_5' title="bbox 197 4109 1339 4410">
    <p class='ocr_par' dir='ltr' id='par_1_5' title="bbox 197 4109 1339 4410">
     <span class='ocr_line' id='line_1_35' title="bbox 283 4109 1339 4198; baseline 0.002 -21"><span class='ocrx_word' id='word_1_255' title='bbox 283 4113 332 4179; x_wconf 90' lang='lat' dir='ltr'>De</span> <span class='ocrx_word' id='word_1_256' title='bbox 348 4111 484 4196; x_wconf 87' lang='lat' dir='ltr'>siugulis</span> <span class='ocrx_word' id='word_1_257' title='bbox 516 4109 595 4176; x_wconf 88' lang='lat' dir='ltr'>haec</span> <span class='ocrx_word' id='word_1_258' title='bbox 609 4111 752 4178; x_wconf 88' lang='lat' dir='ltr'>notanda</span> <span class='ocrx_word' id='word_1_259' title='bbox 773 4118 857 4178; x_wconf 90' lang='lat' dir='ltr'>sunt.</span> <span class='ocrx_word' id='word_1_260' title='bbox 897 4111 935 4178; x_wconf 92' lang='lat' dir='ltr'>In</span> <span class='ocrx_word' id='word_1_261' title='bbox 962 4113 1069 4178; x_wconf 90' lang='lat' dir='ltr'>verbis</span> <span class='ocrx_word' id='word_1_262' title='bbox 1091 4133 1189 4198; x_wconf 89' lang='lat' dir='ltr'>supra</span> <span class='ocrx_word' id='word_1_263' title='bbox 1211 4113 1339 4198; x_wconf 87' lang='lat' dir='ltr'>scriptis</span> 
     </span>
     <span class='ocr_line' id='line_1_36' title="bbox 198 4211 1338 4302; baseline 0.005 -24"><span class='ocrx_word' id='word_1_264' title='bbox 198 4215 281 4300; x_wconf 71' lang='grc' dir='ltr'>ΤΗ,</span> <span class='ocrx_word' id='word_1_265' title='bbox 309 4213 550 4296; x_wconf 74' lang='grc' dir='ltr'>ΟΕΒΑΟΤΗ,</span> <span class='ocrx_word' id='word_1_266' title='bbox 577 4211 646 4279; x_wconf 84' lang='grc' dir='ltr'>Τω</span> <span class='ocrx_word' id='word_1_267' title='bbox 670 4216 737 4280; x_wconf 91' lang='lat' dir='ltr'>iota</span> <span class='ocrx_word' id='word_1_268' title='bbox 757 4221 877 4280; x_wconf 90' lang='lat' dir='ltr'>mutum</span> <span class='ocrx_word' id='word_1_269' title='bbox 900 4214 983 4298; x_wconf 90' lang='lat' dir='ltr'>quod</span> <span class='ocrx_word' id='word_1_270' title='bbox 1002 4215 1120 4282; x_wconf 87' lang='lat' dir='ltr'>Kaibel</span> <span class='ocrx_word' id='word_1_271' title='bbox 1137 4217 1234 4282; x_wconf 91' lang='lat' dir='ltr'>Bailii</span> <span class='ocrx_word' id='word_1_272' title='bbox 1257 4239 1338 4302; x_wconf 87' lang='lat' dir='ltr'>epo-</span> 
     </span>
     <span class='ocr_line' id='line_1_37' title="bbox 197 4316 1337 4410; baseline 0.001 -26"><span class='ocrx_word' id='word_1_273' title='bbox 197 4320 320 4407; x_wconf 88' lang='lat' dir='ltr'>grapho</span> <span class='ocrx_word' id='word_1_274' title='bbox 341 4319 480 4386; x_wconf 88' lang='lat' dir='ltr'>conlisus</span> <span class='ocrx_word' id='word_1_275' title='bbox 500 4318 649 4410; x_wconf 88' lang='lat' dir='ltr'>apposuit</span> <span class='ocrx_word' id='word_1_276' title='bbox 668 4317 702 4386; x_wconf 88' lang='lat' dir='ltr'>in</span> <span class='ocrx_word' id='word_1_277' title='bbox 724 4316 834 4408; x_wconf 88' lang='lat' dir='ltr'>lapide</span> <span class='ocrx_word' id='word_1_278' title='bbox 855 4317 958 4386; x_wconf 87' lang='lat' dir='ltr'>deest.</span> <span class='ocrx_word' id='word_1_279' title='bbox 989 4357 1033 4366; x_wconf 94' lang='lat'>-</span> <span class='ocrx_word' id='word_1_280' title='bbox 1062 4319 1101 4386; x_wconf 87' lang='lat' dir='ltr'>V.</span> <span class='ocrx_word' id='word_1_281' title='bbox 1121 4325 1137 4384; x_wconf 86' lang='grc'>7</span> <span class='ocrx_word' id='word_1_282' title='bbox 1170 4341 1227 4410; x_wconf 87' lang='lat' dir='ltr'>pro</span> <span class='ocrx_word' id='word_1_283' title='bbox 1250 4317 1337 4410; x_wconf 82' lang='grc' dir='ltr'><strong><em>πρό-</em></strong></span> 
     </span>
    </p>
   </div>
   <div class='ocr_carea' id='block_1_6' title="bbox 1535 751 1549 784">
    <p class='ocr_par' dir='ltr' id='par_1_6' title="bbox 1535 751 1549 784">
     <span class='ocr_line' id='line_1_38' title="bbox 1535 751 1549 784; baseline 0 0"><span class='ocrx_word' id='word_1_284' title='bbox 1535 751 1549 784; x_wconf 66' lang='lat'>⁸</span> 
     </span>
    </p>
   </div>
   <div class='ocr_carea' id='block_1_7' title="bbox 0 0 1642 4934">
    <p class='ocr_par' dir='ltr' id='par_1_7' title="bbox 0 0 1642 4934">
     <span class='ocr_line' id='line_1_39' title="bbox 0 0 1642 4934; baseline 0 0"><span class='ocrx_word' id='word_1_285' title='bbox 0 0 1642 4934; x_wconf 95' lang='lat' dir='ltr'> </span> 
     </span>
    </p>
   </div>
  </div>
 </body>
</html>
