3274 4934
675 499 764 584 [uss]

304 689 456 771 XVIIII)
501 687 847 757 APO'IELIISTIOE.

251 793 304 858 III
327 795 383 858 30:
408 792 511 878 Exepi
531 801 765 860 monumentum
787 815 859 860 uere
880 799 1049 880 perennius
1071 806 1125 862 eto.

251 897 317 978 (Ao
354 896 612 981 Melphomenem
655 897 780 962 Musam
811 898 888 964 dicit
922 901 1130 985 apotelostica
1163 903 1286 988 scriptis

147 1023 273 1087 semper
303 999 487 1084 victupum]
519 1007 556 1080 λ,
582 1001 668 1066 Dicit
704 1023 739 1067 se
768 1003 976 1085 apotelestico
1006 1007 1130 1090 scriptis
1162 1027 1287 1092 semper

148 1105 306 1170 victurum
330 1103 387 1185 I).

251 1207 419 1274 Vocabulo
443 1209 691 1293 ‚‚apotelcstice“
720 1209 910 1295 exprimitur
941 1209 1019 1275 nihil
1047 1213 1105 1276 nisi
1135 1212 1195 1275 hec
1225 1209 1287 1276 oda

147 1312 220 1376 libri
243 1310 310 1395 (vel
334 1313 428 1376 trium
452 1311 619 1394 librorum)
643 1319 787 1378 extrema
810 1313 872 1376 iam
889 1313 1064 1399 perlectum
1088 1315 1286 1380 absolutum-

149 1436 215 1496 que
239 1437 309 1480 esse
332 1437 438 1480 novae
462 1415 539 1480 nmis
556 1413 753 1480 Horatianus
774 1436 864 1501 opus.
899 1415 1048 1482 Ceterum
1072 1439 1111 1482 eu
1134 1439 1197 1483 vox
1214 1439 1287 1484 cum

148 1538 261 1604 parum
283 1518 447 1586 intellecta
469 1521 519 1599 sit,
542 1519 743 1606 praescriptis
759 1521 866 1606 inepta
883 1521 1005 1586 inserta
1027 1529 1077 1588 cst
1099 1524 1152 1600 ita,
1175 1530 1210 1587 ut
1232 1521 1287 1588 ad·

148 1621 248 1688 verbii
271 1622 342 1687 loco
365 1622 564 1708 fungeretur.

253 1725 448 1790 Difficillima
472 1726 616 1812 quaestio
640 1733 689 1791 est
712 1725 752 1792 de
777 1745 855 1792 voce
880 1749 962 1813 queo
986 1734 1035 1793 est

304 1845 385 1927 XX)
430 1845 732 1924 PRAGMATIOE,
757 1867 821 1934 qua
843 1847 1074 1912 inscribuntur:

252 1949 269 2014 I
295 1954 330 2014 1:
353 1951 522 2016 Maecenas
546 1953 649 2016 atavis
670 1951 750 2016 edite
771 1949 899 2038 repibus
921 1958 976 2016 ete.

253 2053 441 2134 (Aemilium
461 2053 501 2118 ad
517 2054 737 2120 Maecenatem
758 2057 847 2120 vario
864 2053 1028 2121 hominum
1051 2055 1159 2120 scribit
1182 2056 1286 2122 officio

150 2157 347 2243 pragmatica
369 2159 556 2226 monocolon
579 2163 628 2236 Β),
678 2229 680 2232 ,

253 2261 288 2326 Π
315 2267 345 2325 1:
368 2263 492 2328 Motum
514 2284 552 2327 ec
573 2263 701 2328 Metello
725 2265 849 2329 cunule
872 2265 1002 2329 civicum
1024 2272 1078 2330 cte.

255 2367 324 2444 (Ao
347 2368 494 2444 Asinium
525 2367 703 2433 Pollionem
736 2367 935 2433 consularem
964 2371 1067 2436 virum
1096 2369 1288 2456 preemstioe

151 2472 327 2537 tetracolon
351 2471 393 2554 y).

254 2575 305 2640 III
332 2578 365 2639 l:
391 2573 453 2640 Odi
471 2577 652 2662 profanum
674 2575 783 2661 colpus
806 2583 834 2642 et
858 2595 950 2640 arceo
976 2583 1029 2640 etc.

255 2680 468 2762 (Pracmatice
484 2680 526 2745 ed
545 2681 692 2746 indoctos
708 2679 748 2761 F,
764 2679 815 2744 Ad
834 2679 965 2744 chorum
981 2679 1139 2764 virgiuum
1162 2685 1194 2743 et
1209 2698 1287 2763 pue·

151 2805 259 2849 rorum
282 2786 475 2868 pneumatice
499 2784 540 2849 ad
563 2785 709 2850 indoctos
732 2785 775 2866 λ).

254 2888 270 2952 Ι
296 2891 352 2952 11:
383 2886 431 2952 I'u
452 2909 491 2953 ne
512 2889 701 2974 quaesistis,
729 2890 812 2954 scire
840 2890 952 2975 nefus,
981 2909 1070 2975 quem
1091 2887 1178 2970 mihi,
1200 2907 1289 2973 quem

152 2991 208 3056 tibi
229 2998 284 3056 etc.

254 3095 467 3172 (Pr-cometiae
498 3093 538 3158 ud
569 3093 774 3160 Leuconoam
816 3095 1014 3162 meretricem
1051 3095 1194 3179 genesim
1230 3113 1288 3179 per

153 3198 406 3264 mathematicam
431 3199 699 3284 requirentemF‚
715 3199 914 3264 Proomatice
937 3199 1123 3264 monocolon
1145 3197 1185 3262 ad
1203 3197 1288 3264 Leu-

151 3323 274 3368 conoen
297 3301 386 3386 (nott.
411 3323 471 3366 cm.
496 3301 526 3383 λ)
550 3302 688 3367 suadens
711 3302 969 3367 mathematicum
991 3302 1185 3366 omitcndam
1210 3298 1272 3384 γλ).

255 3403 317 3471 *ΙΙ
342 3409 377 3471 7:
403 3405 430 3472 0
451 3427 543 3490 saepe
564 3427 684 3470 mecerin
706 3412 826 3491 tempus
848 3409 882 3470 n'n
905 3408 1049 3472 ultimum
1071 3413 1126 3470 etc.

254 3510 471 3594 (Pragmatice
513 3510 554 3574 ad
594 3508 767 3574 Horatium
806 3510 999 3595 Pompilium
1041 3509 1287 3574 commilitonem

151 3614 340 3679 Brntiunum
369 3635 464 3700 quem
491 3623 654 3699 receptum
678 3615 710 3678 in
734 3614 837 3698 patria
859 3614 973 3680 invitat
1002 3613 1066 3692 m,
1092 3613 1289 3678 Prucmatioe

150 3717 200 3782 vel
223 3716 470 3804 prosphonetico
490 3717 661 3782 tetracolos
677 3717 718 3781 ad
736 3716 881 3782 Oratium
898 3715 1068 3802 Pompium
1085 3715 1288 3782 consodalem

152 3845 178 3902 y,
201 3821 253 3886 Ad
277 3821 447 3906 Pompium
470 3819 593 3886 Verum
615 3820 830 3906 proponatice
844 3817 1017 3886 tetracolon
1040 3820 1082 3902 τ).

254 3925 331 3990 Vox
355 3945 438 4010 queo
462 3932 511 3990 est
533 3923 741 4009 πραγματικός
763 3925 868 3990 varius
892 3931 923 3990 ct
948 3924 1042 3990 valde
1072 3925 1155 3990 inter
1184 3945 1219 3988 so
1242 3922 1288 3988 di-

152 4049 261 4094 versas
283 4029 530 4113 significationes
553 4029 659 4112 habet,
683 4050 790 4115 neque
812 4051 890 4094 voro
915 4029 979 4093 ulls
1000 4049 1109 4092 earum
1126 4027 1288 4108 doeemur,

153 4131 359 4217 quaestione
382 4133 594 4216 pragmaticos
618 4131 809 4208 vocabulum
833 4132 894 4196 illis
917 4131 1107 4197 carminibus
1130 4131 1290 4216 praeposi·

152 4241 219 4299 tum
236 4235 455 4322 accipiendum
477 4234 545 4300 sit¹
591 4233 796 4319 Πραγματικὰ
811 4234 891 4318 μέλη
907 4236 1042 4300 Procius
1063 4241 1290 4300 commemorat

221 4443 230 4481 ¹
240 4441 275 4495 cl.
285 4441 416 4510 Hermcg.
427 4448 481 4512 napi
495 4444 548 4498 τῶν
559 4441 669 4497 ursinum
681 4442 698 4496 2
709 4440 850 4511 (Spengel.
861 4442 958 4505 11139‚
973 4441 1007 4496 10
1018 4441 1103 4511 sqq.).
1119 4443 1213 4510 Apulo.
1232 4449 1290 4515 πυρὶ
