3274 4934
732 355 942 415 ..gp-

357 541 494 608 Carmen
509 561 530 607 a
545 541 645 608 latere
661 540 787 607 sinistro
802 547 913 626 portae
920 539 1141 607 Philometoris
1156 561 1255 625 prope
1270 539 1405 624 liguram

272 643 358 726 regis
373 643 426 728 qui
443 644 552 710 hostes
567 644 694 729 capillis
717 644 893 728 prehensos
914 643 1060 728 flagellat
1078 644 1213 709 inuisum
1233 649 1292 709 est.
1325 643 1405 708 Oum

271 747 304 812 in
319 747 423 814 titulis
438 767 476 814 eo
498 748 568 814 loco
582 747 745 833 inscriptis
760 767 824 812 non
839 753 1045 814 numerentur
1066 747 1128 812 nisi
1144 746 1282 831 Augusti
1304 753 1337 812 et
1350 745 1407 810 Ti-

272 851 353 917 berii
368 851 455 935 anni,
474 851 558 916 Iunii
575 871 703 918 carmen
719 850 863 917 eiusdem
881 850 1007 917 videtur
1022 851 1139 916 aetatis
1154 870 1237 917 esse.
1264 851 1405 928 Quocum

273 954 418 1037 oongmit
433 954 517 1038 quod
533 961 566 1020 et
581 955 707 1021 litterae
723 954 869 1020 similiter
883 960 980 1038 atque
994 954 1027 1019 in
1043 953 1152 1020 Catilii
1167 954 1408 1039 epigrammatis

273 1056 417 1143 apicibus
447 1064 628 1123 exstructae
651 1063 725 1123 sunt
747 1064 780 1125 et
802 1057 922 1122 formae
943 1057 1081 1123 doricae.
1093 1057 1296 1122 adhibentur.
1329 1057 1368 1121 V.
1390 1061 1403 1120 l

271 1159 335 1226 iam
352 1180 409 1246 pro
424 1181 462 1226 eo
477 1160 561 1244 quod
576 1161 766 1226 Letronnius
782 1161 960 1228 coniecerat
983 1158 1070 1242 ’έχων
1093 1159 1243 1225 ίππαίδα
1266 1157 1409 1246 πόρπαν

273 1263 392 1329 diserte
414 1264 552 1346 legimus
575 1261 663 1346 ἔχων
680 1258 862 1350 ’[τνραιΐδα
886 1261 1045 1350 πόρπαν,
1078 1285 1211 1348 quorum
1241 1264 1407 1330 verborum

274 1367 447 1452 explicatio
463 1387 526 1432 non
542 1367 681 1434 minores
697 1369 830 1453 praebet
846 1367 1062 1433 difficultates.
1087 1369 1283 1434 ituraeorum
1296 1367 1407 1433 cohors

275 1469 343 1536 sive
359 1469 413 1534 ala
428 1468 462 1534 in
477 1471 734 1555 inscriptionibus
749 1461 917 1556 aegyptiis
937 1471 1068 1555 saepius
1091 1472 1383 1554 commemoratum)
1397 1495 1403 1533 :

276 1594 339 1658 quo
362 1573 391 1639 si
413 1573 511 1640 verba
531 1573 591 1640 illa
611 1575 730 1641 reterre
746 1575 894 1656 volueris,
922 1573 1009 1656 έχων
1019 1568 1201 1660 Ἰτοραιίδα
1224 1572 1365 1659 πόρπαν
1378 1574 1408 1638 is

279 1678 339 1743 erit
360 1677 414 1759 qui
437 1676 538 1743 fibula
560 1677 715 1761 singulari
737 1697 835 1762 eques
850 1685 974 1743 turmae
991 1679 1186 1744 Ituraeomm
1210 1677 1405 1762 designetur.

274 1779 369 1859 Quali
392 1779 432 1845 de
455 1780 573 1863 insigni
594 1802 667 1847 cum
688 1781 768 1846 nihil
784 1789 893 1846 notum
909 1781 960 1861 sit,
985 1781 1092 1847 nescio
1108 1803 1150 1846 an
1167 1778 1287 1866 πόρπα
1303 1781 1409 1866 potius

273 1883 361 1949 vocis
376 1879 519 1968 πόρπαξ
538 1883 666 1950 notione
692 1883 844 1968 iungatur
859 1905 953 1967 quam
970 1884 1152 1969 Hesychius
1166 1884 1295 1968 quidem
1311 1891 1410 1950 testa-

273 1993 324 2052 tur
345 1987 455 2070 glossa
484 1983 618 2074 πόρπηε
653 1980 670 2051 ό
700 1981 840 2069 ἀνοχεύς
871 1993 928 2075 τῆς
952 1982 1097 2065 ἀσπίδος
1125 1986 1173 2064 είς
1197 1985 1237 2053 δν
1260 1981 1277 2052 ό
1301 1994 1410 2074 πῆχυς

275 2084 414 2156 ἀνίεται.
440 2089 531 2156 Unde
547 2090 686 2157 Sabinus
702 2087 845 2176 πόρπαν
859 2113 916 2178 pro
933 2085 1062 2158 ἀσπίδα
1077 2093 1131 2159 vel
1147 2093 1274 2179 πέλτην
1289 2092 1410 2158 dixisse

274 2195 409 2276 videtur,
429 2201 464 2260 ut
478 2215 513 2260 se
529 2215 570 2261 ex
584 2193 782 2261 Ituraeorum
801 2195 962 2278 equitibus
981 2215 1054 2262 esse
1072 2197 1278 2280 significaret.
1302 2195 1411 2261 Altero

274 2318 369 2366 versu
386 2299 536 2365 disertius
557 2319 592 2364 se
608 2299 722 2366 ducem
738 2299 875 2366 cohortis
890 2301 1044 2386 appellat.
1071 2301 1119 2366 Ac
1137 2307 1262 2386 poterat
1282 2299 1410 2383 quidem

274 2423 337 2469 vox
359 2399 477 2490 πόρπη
508 2403 536 2468 si
564 2403 657 2470 modo
679 2403 766 2470 idem
788 2404 938 2489 exprimit
958 2403 1043 2488 quod
1063 2404 1180 2490 πέλτη,
1207 2403 1319 2470 eodem
1342 2404 1411 2468 iure

274 2507 317 2572 ad
336 2514 471 2572 turmam
493 2505 597 2590 ipsam
614 2506 858 2590 significandam
879 2506 1076 2592 adhiberi²lz
1103 2527 1295 2591 quamquam
1318 2507 1412 2572 eain

276 2608 488 2694 explicatione
510 2609 686 2676 offenderet
705 2610 791 2693 quod
806 2610 912 2676 verbis
932 2607 1036 2692 ἑσμόν
1059 2605 1151 2694 ἀγων
1172 2615 1331 2694 στρατιᾶς
1353 2609 1412 2674 ad-

276 2712 352 2779 ditis
367 2711 452 2778 idem
466 2711 517 2778 bis
532 2713 775 2798 exprimeretur.
799 2714 868 2778 V.3
885 2713 1041 2780 Francius
1057 2720 1141 2780 recte
1157 2713 1295 2779 restituit
1308 2733 1413 2796 neque

276 2823 400 2882 mutare
416 2813 554 2882 debebat
565 2816 681 2882 Kaibel
700 2814 789 2882 ἔνθα
804 2813 1100 2882 πανοπτιύοσσαν.
1127 2817 1166 2880 V.
1187 2815 1412 2884 olebonniae

276 2912 372 2986 Είσιν
385 2915 442 2984 καλ
458 2915 586 3002 σώζειν,
606 2919 777 2986 Kaibelius
794 2913 890 2985 Είσιν
906 2913 985 2984 όλσν
1001 2916 1120 2998 σώζειν
1135 2925 1195 2986 etc.
1207 2919 1301 2985 metri
1315 2938 1414 2984 ealrsa

276 3023 491 3109 scripserunt:
517 3023 575 3090 sed
598 3023 709 3089 Iunius
733 3017 827 3089 Εἶσιν
850 3020 1007 3102 έκσώζειν
1028 3023 1142 3108 prioris
1170 3024 1256 3090 vouis
1286 3023 1415 3106 syllaba

278 3127 389 3194 ultima
408 3126 561 3212 producta
584 3126 682 3193 dedit.
715 3127 767 3192 Ad
788 3127 978 3193 senteutiam
1002 3148 1032 3192 v.
1053 3131 1071 3189 4
1095 3125 1203 3192 confer
1218 3126 1313 3192 Kaib.
1333 3125 1408 3191 add.

276 3253 307 3296 n.
327 3233 419 3296 874a
440 3229 494 3295 ubi
511 3229 654 3316 Sarapis,
680 3229 776 3296 Isidis
798 3226 942 3306 σύνναος
964 3225 1063 3310 θεός,
1089 3229 1274 3314 appellatur
1296 3232 1412 3314 κοίρα-

275 3358 334 3412 νος
356 3331 564 3417 stupescat
586 3330 725 3418 χθονός,
752 3339 785 3400 et
805 3334 850 3400 ib.
874 3355 906 3399 n.
933 3335 1014 3398 1028
1039 3354 1069 3396 v.
1091 3335 1130 3397 30
1146 3351 1193 3418 sq.
1215 3332 1269 3398 ubi
1284 3333 1346 3398 Isis
1371 3331 1412 3398 de

278 3439 400 3524 seipsa
415 3437 567 3520 loquitur:
984 3491 1181 3574 nveogwwp

406 3586 520 3657 ἀέλιον
542 3588 666 3656 πώλων
689 3584 836 3677 ἀγήτορα
861 3595 1018 3676 φαίνοπα
1040 3589 1171 3656 κύκλιον

407 3693 441 3771 ἐς
464 3691 574 3760 πόλον
596 3691 806 3772 είθύνεσκον,
831 3687 872 3760 ἵν’
898 3688 1093 3777 εύκόσμοισι
1115 3698 1271 3790 πορείαις

408 3793 544 3878 ἀίξαντες
567 3795 725 3882 ίλίγγοισι
747 3802 1007 3880 περικτσπέοντι
1030 3793 1171 3862 διαύλιον

405 3899 510 3969 νύκτα
533 3900 750 3987 διακρίνωσιν
773 3895 831 3964 ἀπ’
856 3895 992 3987 ἤματος.

348 4111 364 4174 ¹]
386 4108 418 4163 c.
434 4111 456 4163 1.
477 4108 511 4163 s.
527 4112 602 4162 soso.
623 4110 706 4179 napa.
721 4109 760 4165 vl
773 4107 831 4164 tao.
847 4110 878 4160 ar
893 4107 940 4163 or.
956 4109 1015 4159 aas.
1031 4109 1090 4158 ιιι.
1112 4105 1142 4162 o.
1154 4105 1172 4160 1.
1194 4109 1225 4162 1..
1238 4105 1289 4161 111¹
1304 4123 1331 4176 p.
1344 4109 1373 4159 ra
1384 4126 1409 4162 n.

281 4187 321 4238 59.
340 4183 384 4240 Gi.
399 4185 441 4241 VI
453 4187 513 4238 421.

347 4264 366 4327 λι
388 4261 424 4318 ei.
438 4264 504 4318 Eur.
519 4259 582 4318 Alo.
599 4266 658 4318 las,
682 4264 767 4318 Rhea.
783 4267 843 4316 410.
