3238 4930
294 456 336 518 aa
817 452 909 538 [rra]

397 645 493 730 Ergo,
517 653 552 710 ut
575 647 606 709 in
631 646 785 710 elassibus
807 645 824 709 I
847 653 880 710 et
901 643 946 724 11,
969 645 1014 709 ita
1037 645 1132 710 etiam
1153 645 1186 710 in
1203 643 1257 710 ΙΙΙ
1280 665 1429 708 numerus

294 748 513 814 doohmiorum
537 758 609 836 post
630 752 763 836 primam
787 750 890 814 thesin
913 750 1014 814 solam
1045 757 1077 815 et
1107 750 1327 816 doohmiorum
1356 755 1430 835 post

294 854 427 938 primam
452 863 484 920 et
506 854 677 920 secundam
702 855 805 920 thesin
821 854 990 919 incisarum
1006 853 1091 918 idem
1106 855 1173 920 fere
1191 861 1248 922 est.
1279 853 1431 920 Effieiunt

294 964 402 1022 autem
431 958 463 1022 in
486 959 545 1024 hae
569 958 669 1025 alasse
692 958 829 1024 doobmii
858 979 1012 1044 generum
1040 979 1060 1022 a
1089 965 1121 1024 et
1143 981 1160 1024 e
1186 979 1260 1033 non,
1289 959 1371 1023 sieut
1397 960 1430 1024 in

294 1060 311 1124 I
333 1062 516 1148 pariterque
540 1065 571 1128 in
595 1063 629 1128 Il
652 1065 696 1144 fit,
719 1063 881 1128 dimidiam
904 1085 968 1130 non
988 1083 1117 1149 prorsus
1134 1071 1268 1149 partem,
1289 1065 1346 1130 sed
1362 1064 1432 1130 foro

294 1164 336 1242 ⁴la
359 1167 410 1232 vel
435 1167 535 1250 78⁰so.
580 1168 608 1232 Ii
631 1189 706 1234 vero
731 1189 852 1250 versus,
882 1169 936 1254 qui
959 1189 1091 1235 caesura
1116 1176 1233 1249 carent,
1258 1173 1290 1232 et
1319 1191 1431 1234 versus

176 1293 177 1296 ¹
294 1279 368 1354 post
391 1271 494 1338 thesin
518 1272 690 1338 secundam
713 1273 814 1338 solam
837 1274 935 1354 incisi,
959 1293 1095 1359 quorum
1117 1293 1268 1338 numerus
1290 1274 1321 1338 in
1352 1274 1432 1338 elas·

294 1374 381 1440 sibus
404 1376 420 1440 I
444 1382 477 1441 et
499 1376 534 1444 II
556 1396 614 1461 par
637 1385 686 1441 est
708 1376 861 1442 doehmiis
884 1397 1037 1462 generum
1061 1382 1170 1456 a-l-o‚
1195 1378 1322 1443 omnino
1338 1375 1432 1452 2201‘0

294 1485 419 1544 tantum
448 1480 604 1560 efficiunt3
634 1488 708 1545 sunt
738 1483 821 1546 enim
846 1484 885 1546 37
910 1479 1057 1561 dochmii,
1080 1483 1100 1545 8
1124 1480 1306 1566 Aeschylei‚
1331 1483 1347 1545 l
1372 1479 1432 1546 So·

294 1583 428 1669 phoelei,
452 1587 493 1649 20
516 1583 690 1671 Euripidei,
714 1587 733 1649 2
757 1585 994 1670 Aristophanei.

396 1687 505 1774 Atque
528 1689 622 1754 huius
645 1691 770 1754 numeri
792 1691 901 1776 exigui
923 1693 963 1756 37
988 1689 1059 1776 plus
1083 1711 1179 1776 quam
1203 1689 1332 1756 dimidia
1354 1713 1432 1777 pars

293 1792 364 1874 (26)
380 1793 479 1859 ineisa
502 1801 550 1858 est
564 1803 638 1879 post
652 1795 810 1882 syllabam
824 1799 984 1879 quartam3
1008 1817 1088 1881 quos
1104 1795 1268 1862 doohmios
1283 1796 1309 1860 si
1324 1794 1431 1861 detra·

294 1897 379 1962 xeris
395 1897 572 1963 desummo
588 1897 670 1984 (37),
688 1903 723 1964 11
741 1907 866 1964 tantum
879 1905 1050 1986 supersunt
1061 1899 1199 1966 doohmii
1217 1899 1325 1966 elassis
1337 1900 1392 1964 ΙΙΙ
1400 1901 1432 1966 b.

396 2001 447 2066 Ex
470 2003 519 2068 his
541 2007 581 2068 37
606 2004 768 2068 versieulis
792 2011 900 2069 autem
924 2005 943 2068 8
964 2025 1027 2070 non
1051 2012 1126 2070 suut
1148 2003 1254 2070 traditi
1277 2011 1432 2090 tanquam

294 2104 441 2188 dochmii,
464 2107 520 2174 sed
544 2109 733 2174 coniecturis
756 2110 897 2174 virorum
920 2109 1088 2174 doctorum
1124 2109 1227 2176 textui
1257 2109 1345 2186 illati,
1375 2109 1431 2174 alii

295 2208 377 2274 falsa
399 2210 622 2278 distributione
646 2213 723 2276 mihi
740 2212 888 2278 videntur
905 2235 976 2280 esse
993 2214 1063 2278 orti.
1095 2213 1183 2278 Inter
1199 2219 1324 2280 eeteros
1344 2222 1431 2297 sunt,

295 2315 349 2398 qui
373 2315 468 2379 etiam
491 2316 560 2381 aliis
583 2316 824 2383 difficultatibus
847 2317 993 2383 laborent
1015 2325 1048 2383 et
1063 2317 1147 2382 facili
1163 2317 1269 2394 modo,
1285 2317 1431 2403 plerique

293 2420 540 2504 transpositione
561 2422 659 2500 verbi,
683 2423 806 2508 possint
828 2423 942 2488 sanari.
989 2421 1117 2487 Pauoos
1140 2421 1194 2507 qui
1220 2427 1344 2487 restant
1366 2423 1431 2488 alio

294 2523 389 2590 modo
413 2545 508 2610 posse
533 2525 685 2608 explicari
708 2525 792 2590 infra
814 2525 990 2592 docebitur.

815 2786 833 2869 a
858 2789 907 2852 12.

397 2939 434 3004 In
457 2961 569 3006 eorum
593 2963 743 3008 versuum
765 2963 909 3022 numero,
933 2943 986 3027 qui
1009 2941 1113 3008 invitis
1136 2942 1223 3008 libris
1255 2945 1295 3008 ab
1326 2945 1430 3010 edito·

293 3045 382 3108 ribus
405 3051 478 3110 sunt
500 3047 650 3132 corrupti,
678 3069 744 3112 nou
773 3047 881 3112 infimo
904 3047 976 3112 loeo
999 3053 1074 3112 sunt
1102 3047 1133 3130 ii,
1163 3048 1195 3112 in
1226 3048 1340 3134 quibus
1371 3050 1429 3114 viri

294 3146 379 3212 dooti
402 3155 457 3213 aut
479 3151 608 3235 proprio
625 3151 728 3217 Marta
744 3159 800 3216 aut
816 3151 1002 3238 apographa
1018 3151 1118 3217 seeuti
1133 3151 1217 3217 idem
1238 3153 1429 3220 vocabulum

292 3253 518 3336 repetiverunt,
542 3255 626 3340 quod
649 3255 794 3321 librarios
818 3257 909 3320 metri
931 3257 1059 3342 ignaros
1078 3265 1134 3322 aut
1148 3258 1359 3342 neglegentes
1375 3259 1426 3324 vel

293 3359 439 3424 consulto
464 3359 514 3424 vel
537 3369 656 3424 temere
679 3361 776 3426 semel
797 3361 943 3446 posuisse
967 3359 1170 3426 arbitrantur.

463 3465 495 3544 l)
517 3463 567 3528 Ex
592 3465 651 3530 hae
675 3465 776 3530 alasse
798 3465 918 3550 primus
943 3472 991 3530 est
1015 3466 1249 3532 enumerandus

293 3567 408 3632 Aeseh.
431 3567 519 3653 Sept.
543 3569 645 3650 2041),
668 3590 763 3653 quem
785 3568 890 3634 eodex
906 3567 1070 3636 Modieeus
1086 3569 1182 3634 talem
1196 3569 1263 3636 lere
1281 3571 1426 3637 exhibet:

542 3669 581 3754 (d
605 3674 693 3756 φίλον
718 3674 849 3738 Οἰδίπου
872 3669 964 3750 τέκος,
988 3671 1080 3738 edero'
1102 3670 1193 3738 ἁκού-

541 3799 619 3840 σοσα
641 3773 696 3840 τόν
718 3774 967 3861 οἱρματό)κτυπον
988 3773 1107 3859 ὄτοβον,

290 3877 345 3942 ubi
368 3877 409 3943 ad
431 3879 643 3966 supplendum
659 3901 785 3946 versum
800 3880 1021 3946 dochmiaeum
1038 3880 1177 3948 editores
1193 3883 1293 3947 altero
1314 3879 1423 3965 ὄτοβον

291 3982 323 4046 in
347 3983 410 4047 fine
440 4006 480 4049 ex
510 3986 704 4070 apographis
733 3986 962 4051 recentioribus
992 3985 1100 4051 addito
1131 3985 1215 4051 hune
1243 3985 1426 4051 dochmium

294 4085 487 4152 effecerunt:

584 4191 854 4278 (α’ρματοῦκτυπον
877 4191 987 4278 ὄτοβον
1009 4191 1116 4277 ὄτοβον

291 4299 365 4378 post
386 4295 543 4381 syllabam
566 4297 695 4362 brevem
719 4299 860 4383 quintam
884 4299 1026 4363 incisum.

395 4401 439 4468 At
456 4401 562 4466 neseio
579 4423 620 4466 an
635 4403 667 4464 in
683 4401 837 4467 voeabulo
854 4399 1087 4484 ἁρματόκτυπον
1102 4403 1222 4468 lateant
1234 4401 1299 4467 duo
1313 4402 1423 4484 verbo,
