3244 4932
746 474 836 580 [us]
1339 481 1356 540 r

223 669 321 735 luisse
343 667 575 735 affirmaverim.
620 667 714 742 Quod
738 687 810 731 oum
824 673 978 753 appareat
1001 689 1043 734 ex
1059 689 1210 734 versuum
1230 669 1358 736 illorum

224 774 407 839 definitione
424 771 546 857 (Heph.
559 793 630 857 vcap.
646 771 744 855 XV):
769 773 891 836 Γίνεται
914 771 1008 836 δὲκαὶ
1023 770 1227 857 ἀσυνάρτητα,
1244 771 1358 839 ὁπόταν

224 875 277 942 delo
299 883 381 941 κιιῖλα
402 873 447 960 μὴ
470 874 627 957 δυνάμενα
650 873 789 960 α’λλήλσις
805 883 1038 960 συναρτηθῆναι
1053 877 1135 962 μηδὲ
1156 877 1264 942 ἕνωσιν
1278 876 1358 962 ἔχιιν

223 982 292 1048 ἀντὶ
315 979 379 1059 {talc
399 980 496 1063 μόνου
518 979 790 1064 παραλαμβάνηται
806 981 922 1064 στίχου,
939 982 1038 1066 magis
1054 980 1139 1046 idem
1154 982 1249 1047 docet
1267 983 1359 1066 ratio,

226 1108 289 1173 qua
312 1107 422 1151 versus
445 1086 476 1148 in
501 1085 571 1150 cola
593 1084 714 1149 dividit.
758 1084 842 1149 Nam
865 1105 937 1150 cum
953 1085 1023 1149 cola
1045 1106 1108 1150 nen
1124 1085 1282 1151 finiatnisi
1304 1088 1359 1152 ubi

223 1187 302 1274 τομή
326 1196 383 1271 est,
406 1189 475 1254 lieri
497 1195 614 1274 potest,
644 1195 680 1252 ut
704 1188 833 1255 eosdem
866 1209 983 1272 versus,
1013 1190 1095 1255 inter
1127 1211 1207 1276 quos
1237 1191 1358 1256 nullum

224 1295 393 1359 discrimen
416 1293 676 1379 interceditpnlsi
700 1293 785 1379 qued
809 1293 940 1359 diversis
963 1294 1040 1358 locis
1069 1294 1168 1360 verba
1196 1295 1358 1377 finiuntur,

223 1399 304 1464 alica
320 1399 389 1463 aliis
406 1399 482 1463 colis
499 1419 569 1462 esse
585 1399 777 1484 compositos
793 1402 921 1461 statuat.
947 1397 1160 1463 Luculentum
1176 1399 1358 1483 exemplum

224 1511 272 1567 est
285 1502 454 1588 explicatio
469 1509 725 1568 tetrametrcmm
739 1501 972 1566 trochaioorum
984 1510 1233 1588 syncopatorum
1245 1503 1359 1569 herum

224 1629 243 1672 a
266 1606 438 1693 Sapphone
461 1607 726 1692 compositorum:

412 1735 474 1801 ἔστι
497 1761 549 1817 μοι
571 1733 649 1800 καλοὶ
672 1732 742 1813 πάϊς
764 1732 936 1820 χρυσέοισιν
958 1731 1137 1816 clv-‘liparem

412 1843 532 1926 ἐμφερῆ
553 1837 657 1924 ἔχοισα
678 1837 813 1926 μορφάν,
838 1841 949 1924 Κλιηὶς
972 1836 1115 1921 ἁγαιιατσί
1126 1837 1147 1916 ¹,

224 1995 358 2058 quorum
381 1973 520 2060 priorem
542 1991 606 2036 non
629 1969 712 2034 male
735 1969 810 2034 dicit
830 1976 975 2035 constare
990 1971 1021 2033 la
1037 1975 1201 2052 τροχαϋιοϋ
1216 1967 1358 2054 ἑφθημι-

221 2084 332 2158 precer
354 2078 373 2141 i.
398 2098 424 2142 e.
447 2099 488 2142 ex
511 2073 693 2160 tetrapodla
715 2073 814 2139 trech.
838 2075 929 2140 catal.
960 2071 1023 2138 ἔστι
1045 2099 1096 2154 μοι
1126 2069 1202 2136 καλοὶ
1231 2071 1300 2150 πάϊς
1324 2080 1358 2140 et

224 2204 264 2246 ex
287 2181 421 2245 dimetro
445 2179 621 2245 acatalecto
638 2176 810 2262 χρυσέοισιν
826 2176 1016 2260 acceperas,
1040 2177 1175 2241 alterum
1191 2197 1277 2259 vero,
1295 2199 1358 2263 quo

223 2285 303 2369 τομή
339 2286 518 2372 posteriore
551 2287 622 2350 loeo
658 2285 711 2368 fit,
749 2307 788 2351 ex
821 2285 955 2350 dimetro
992 2283 1090 2349 troeh.
1126 2292 1206 2350 acat.
1239 2287 1361 2370 ἐμφερῆ

222 2387 324 2472 ἔχοισα
346 2387 466 2472 μορφάν
490 2396 521 2454 et
551 2411 591 2454 ex
615 2389 750 2454 iambico
774 2387 1048 2474 hephthemimere
1070 2389 1183 2472 Κλεηὶς
1205 2386 1359 2470 ἁγαιιατιί,

222 2515 305 2578 quae
329 2493 498 2576 explicatio
523 2515 715 2580 quamquam
737 2513 778 2558 ne
802 2491 1005 2578 Westphalio
1037 2491 1166 2578 quidam
1195 2493 1359 2578 probatur,
1384 2544 1393 2550 .

223 2599 425 2664 nihilominus
455 2599 481 2664 is
509 2599 542 2662 in
573 2599 687 2664 ceteris
717 2598 862 2662 omuibus
891 2597 1165 2684 Hephaestionem
1194 2603 1360 2663 auctorem

224 2703 375 2789 sequitur.

755 2919 825 3002 §2

326 3067 421 3132 Prius
444 3087 540 3154 quarn
563 3068 665 3132 altera
687 3067 759 3132 libri
782 3068 821 3133 de
844 3089 878 3134 re
904 3068 1035 3133 metrica
1063 3068 1234 3154 conscripti
1262 3067 1358 3133 editio

223 3170 467 3258 aWestphalio
491 3171 610 3256 publici
638 3171 714 3236 iuris
743 3170 829 3236 facta
858 3177 915 3251 est,
945 3171 1129 3238 Friderious
1155 3171 1359 3238 Goldmann²

224 3275 272 3358 (id
297 3275 383 3362 quod
407 3296 467 3361 cge
487 3295 615 3361 quoque
630 3275 758 3361 proprio
775 3274 880 3341 Marte
899 3274 1123 3358 conlocaram),
1140 3297 1235 3362 quam
1254 3277 1358 3361 legem

223 3387 403 3446 statuerant
431 3379 489 3444 viri
515 3379 616 3462 docti,
649 3380 711 3443 arsi
743 3380 850 3465 aliqua
881 3381 1007 3444 sublata
1038 3381 1359 3465 praecedentem

222 3484 325 3549 thesin
344 3484 411 3548 lieri
427 3483 596 3562 trisemam,
611 3503 681 3547 eam
698 3481 739 3546 ad
756 3483 909 3548 iambicos
925 3503 1056 3570 quoque
1072 3503 1182 3548 versus
1197 3484 1357 3570 pertinere

222 3588 359 3673 negavit.
410 3587 566 3652 Nimirum
598 3607 745 3651 versuum
778 3587 1013 3652 troohaicorum
1046 3587 1191 3673 quidem,
1223 3608 1359 3673 querum

222 3693 389 3777 rhythmus
413 3693 453 3757 sit
476 3689 681 3771 descendens,
704 3691 790 3756 arsin
813 3712 1016 3778 suppressam
1031 3692 1076 3756 ait
1093 3690 1272 3756 Goldmanu
1288 3712 1358 3758 esse

223 3795 491 3880 compensandam
533 3793 744 3882 productione
792 3795 921 3862 theseos
962 3795 1200 3882 praecedentis,
1238 3797 1357 3882 quippe

223 3901 375 3984 quaesit
407 3900 505 3965 thesis
537 3899 680 3964 eiusdem
703 3899 811 3983 pedis,
841 3901 895 3986 qui
923 3901 986 3966 arsi
1009 3905 1124 3966 careat.
1170 3897 1259 3964 Idem
1281 3921 1356 3967 vero

222 4004 247 4067 si
260 4009 420 4069 statuatur
435 4003 475 4069 de
487 4003 630 4069 versibus
643 4003 793 4080 iambicis,
810 4005 966 4069 rationem
978 4002 1088 4070 haberi
1100 4025 1205 4090 neque
1217 4003 1356 4090 rhythmi

222 4107 455 4186 adsoeudentis‚
479 4127 542 4193 quo
567 4108 598 4171 hi
614 4127 725 4172 versus
741 4108 880 4193 insignes
895 4109 967 4189 sint,
982 4129 1088 4194 neque
1103 4107 1204 4192 podis,
1220 4109 1275 4194 qui
1294 4111 1356 4174 arsi

225 4267 421 4276 ——-.-.-———---

326 4356 335 4389 ¹
353 4358 444 4420 Χιιηὶς
463 4351 580 4404 restituit
598 4351 706 4404 hbe-ens
725 4367 774 4418 pro
794 4350 867 4413 Κιιῖς
885 4349 964 4404 codd.

325 4441 335 4476 ²
358 4442 399 4494 Da
418 4437 606 4492 dochmiorum
625 4453 676 4490 asu
695 4437 857 4506 Sophocleo,
877 4439 955 4492 Halia
975 4437 1049 4501 1867,
1067 4454 1093 4507 p.
1112 4435 1222 4493 67-69.
