3274 4934
693 437 906 499 „27-

516 602 595 673 “Oto
630 615 668 692 τῇ
692 604 806 694 πρώτῃ
832 601 937 695 ἡμέρᾳ
962 601 1020 674 οὐκ
1042 603 1078 696 u}-

525 708 695 796 κοάσαμεν
716 719 777 778 τοῦ
800 715 993 795 Μέμνονος.

277 816 436 883 Χιλίσάαν
457 815 520 900 μὲν
542 817 740 901 λλ][έ]μν[ωα
762 820 887 902 σλίγαις
908 854 1114 866 -------

319 915 363 999 ὠς
386 920 491 988 πάλιν
513 915 535 986 ά
557 919 644 987 κάλα
666 919 757 988 avide
780 919 930 1004 Σάβιγνα
952 959 1098 972 -----

238 1020 459 1092 ΠΡΙἹΕΙΓΛΙ
487 1019 516 1092 o'
541 1021 644 1112 ἐράτα
666 1024 784 1113 μόρφα
807 1024 1003 1114 βασιλήιάος
1025 1021 1151 1110 άκμας·
1341 1053 1352 1092 s

322 1129 480 1196 ἐλθαλσαι
502 1123 530 1195 α’
552 1124 677 1215 [aliisae
699 1127 803 1217 eleon
826 1127 910 1213 άχαν
930 1130 975 1218 io,

233 1232 277 1322 μὴ
300 1237 357 1300 καί
378 1255 431 1298 τοι
452 1233 611 1316 βασίλεως
633 1237 768 1320 cordon,
795 1231 832 1300 τά
855 1257 897 1301 γα
919 1233 1053 1320 ὀλᾶλρον
1076 1228 1245 1320 &Modog-

319 1335 382 1404 τάν
404 1341 531 1422 σέμααα
553 1341 694 1423 κατέχῃς
715 1337 890 1424 κουριδίαν
912 1332 1047 1420 άλοχαν.

235 1435 292 1506 mi
315 1437 469 1524 Μέμνων
490 1445 646 1527 τρέσσαις
667 1438 802 1526 μεγάλω
825 1443 955 1524 μὲγλολς
976 1437 1181 1528 Ἄδράάνοιο

320 1543 483 1626 ἐξαπίνας
506 1538 636 1628 αάάασ’,
666 1538 709 1630 [ά]
736 1539 769 1611 d'
795 1538 892 1610 ‹iloto'
919 1542 1033 1632 ἐχάρη.
1345 1571 1370 1612 ω

318 1737 397 1803 Cum
411 1735 551 1802 carmine
562 1737 663 1802 altero
678 1736 851 1803 doceamur
858 1735 1031 1801 Bnlbillam
1042 1751 1106 1801 una
1115 1757 1187 1801 cum
1195 1737 1316 1802 Sabina
1328 1737 1371 1802 ad

233 1843 431 1907 Memnonem
447 1839 594 1923 venisse,
613 1845 648 1905 ut
662 1858 734 1906 eum
750 1840 908 1923 audirent,
927 1839 979 1906 luis
992 1840 1139 1906 versibus
1154 1859 1226 1905 eum
1242 1841 1293 1906 bis
1311 1841 1371 1907 ad-

231 1945 371 2011 eundum
381 1945 713 2030 suissommperimus,
725 1945 1031 2030 priusquamvooem
1040 1943 1188 2011 mitteret.
1200 1944 1372 2030 Epigram-

232 2049 327 2114 matis
348 2067 424 2114 vero
447 2067 518 2114 oum
539 2067 615 2134 pars
631 2048 788 2134 posterior
815 2049 855 2132 (v.
874 2048 1008 2130 7-1ογ
1029 2047 1096 2114 lere
1111 2047 1239 2132 integra
1253 2047 1372 2114 tradito

232 2157 336 2236 esset,
360 2151 423 2236 ipsi
438 2151 479 2215 ab
495 2151 557 2216 hac
578 2151 641 2216 orsi
658 2169 786 2234 sumus,
813 2157 848 2217 ut
869 2151 945 2217 inde
966 2149 1194 2216 adiuvaremur
1207 2151 1241 2216 in
1257 2151 1371 2236 prioris

233 2255 333 2340 partis
354 2253 597 2319 difficultatibus
613 2253 718 2336 quoad
734 2253 803 2320 lieri
824 2260 934 2339 posset
955 2251 1117 2320 tollendis.
1165 2254 1212 2319 Ac
1234 2253 1371 2339 primum

232 2357 361 2441 quidem
378 2363 413 2423 ut
428 2357 557 2441 singula
578 2355 800 2440 absolvamus,
827 2375 858 2423 v.
879 2361 897 2420 7
921 2357 1038 2424 Kaibel
1060 2357 1122 2436 fot
1144 2357 1229 2442 quod
1244 2377 1302 2443 pro
1318 2362 1371 2420 tot

232 2463 335 2526 Franz
352 2467 531 2526 correxerat
551 2461 619 2527 iure
641 2461 751 2526 reiecit
773 2467 869 2544 atque
892 2461 986 2526 Saltii
1008 2462 1146 2528 lectione
1164 2465 1305 2546 κατέχῃς
1320 2481 1372 2526 re-

231 2569 320 2632 tenta
344 2565 395 2630 his
421 2565 567 2630 versibus
590 2565 791 2630 Memnonem
812 2565 971 2650 appellari
987 2565 1173 2632 intellexit·
1204 2565 1241 2629 In
1258 2563 1370 2630 eodem

231 2687 326 2735 versu
342 2669 449 2734 hiatus
465 2669 507 2734 ab
523 2669 700 2734 editoribus
721 2667 754 2734 in
770 2669 925 2734 vocabulo
948 2663 967 2733 ὅ
989 2669 1150 2735 admissus
1166 2669 1276 2753 Lepsii
1291 2689 1371 2754 apo·

233 2773 356 2860 graplm
372 2773 575 2838 emendatur:
602 2772 636 2838 in
652 2779 767 2858 ectypo
781 2786 907 2856 quoque
922 2768 960 2838 τό
977 2772 1118 2838 dilucide
1129 2775 1274 2857 apparet.
1301 2772 1371 2850 Quo

230 2878 336 2943 minus
355 2877 388 2942 ln
405 2876 467 2942 line
483 2893 595 2942 versus
617 2875 873 2961 supplementum
890 2875 1053 2942 Latronnii
1070 2869 1146 2942 ὀαλα
1161 2875 1236 2942 ferri
1252 2882 1368 2960 potest,

231 2981 381 3064 quoniam
397 2980 429 3046 in
445 2979 566 3065 protasi
582 2979 718 3048 subiecti
733 2979 803 3046 vice
817 2980 966 3045 Memnon
981 2979 1126 3063 fungitur
1137 2999 1214 3046 voce
1230 2985 1371 3064 καλέχῃς

231 3085 406 3163 indicatum
441 3083 557 3148 Kaibel
584 3103 660 3150 vero
686 3082 772 3166 quod
798 3082 933 3148 coniecit
958 3075 1115 3148 ἆαεῡσαν
1134 3083 1249 3149 litteris
1273 3080 1371 3146 ΑΤΑ

231 3193 316 3254 certo
330 3187 458 3254 traditis
472 3186 641 3253 refutatur.
688 3186 846 3271 Equidem
862 3180 1018 3270 ἇτάρβως
1034 3183 1127 3264 dedi,
1153 3185 1238 3268 quod
1254 3187 1372 3252 adver-

230 3291 317 3356 bium
333 3291 489 3358 vocabulo
498 3296 652 3373 sequente
668 3294 825 3375 τρέσσαις
839 3289 1090 3356 commendatur.
1101 3291 1188 3355 -V.
1201 3293 1220 3354 9
1236 3288 1370 3375 μεγάλω

230 3415 251 3460 a
266 3394 384 3480 Lepsio
398 3400 484 3460 recte
499 3391 616 3458 tradito
632 3393 725 3458 Saltii
741 3393 836 3458 lectio
851 3393 1011 3477 firmatur,
1030 3393 1127 3458 Bailii
1141 3389 1294 3477 μεγάλως
1308 3393 1372 3459 rei-

229 3499 326 3576 citur;
353 3497 538 3582 genetivum
552 3502 660 3562 autem
676 3517 748 3563 cum
770 3496 931 3562 adiectivo
951 3493 1086 3581 μεγάλω
1113 3496 1371 3581 coniungendam

230 3601 348 3667 Kaibel
362 3600 483 3686 optime
498 3595 688 3684 Άόριάγοιο
704 3599 852 3665 restituit.

315 3723 383 3787 lam
405 3742 481 3787 vero
503 3739 550 3787 vs.
578 3725 695 3786 7-10
718 3721 856 3806 primum
877 3707 1078 3786 Memnonem
1100 3720 1277 3808 appellari,
1303 3729 1368 3786 tum

229 3831 357 3911 poetam
372 3826 532 3891 narrantis
547 3842 693 3892 somnone
709 3843 801 3891 usum
818 3845 953 3911 pergere
969 3825 1127 3892 videmus.
1153 3824 1246 3903 Quod
1262 3832 1369 3892 alutem

229 3929 346 3995 Kaibel
368 3936 401 3994 et
421 3929 502 3994 Ellis
530 3929 648 4012 (Herm.
675 3929 751 3994 XIV
774 3947 807 4014 p.
826 3931 899 4011 260)
925 3935 1025 3995 totum
1042 3941 1169 3996 carmen
1192 3929 1238 3995 ita
1254 3931 1371 3996 eonsti-

228 4037 338 4116 tuunt‚
365 4039 400 4098 ut
420 4033 621 4099 Memnonem
642 4031 717 4097 inda
733 4031 774 4097 ab
789 4031 880 4098 initio
895 4033 1053 4118 appellari
1076 4033 1215 4117 lingant,
1239 4033 1287 4099 ita
1307 4052 1370 4100 non

230 4135 309 4201 satis
332 4135 511 4220 euplicatur
533 4155 638 4217 neque
667 4135 739 4219 quis
761 4135 963 4201 Memnonem
984 4137 1168 4220 alloquatur
1190 4157 1294 4221 neque
1317 4159 1372 4204 cur

230 4239 288 4304 sub
305 4239 399 4304 linem
424 4237 573 4304 oanuiuis
589 4237 729 4304 stauratio
745 4238 930 4305 allocutioni
947 4239 1166 4306 substituatun
1214 4240 1306 4318 Quod
1321 4241 1372 4327 ip-

230 4360 317 4427 sum,
344 4342 372 4407 si
393 4341 521 4427 quidem
543 4341 612 4410 iure
633 4341 793 4428 integrum
820 4343 969 4412 carminis
988 4349 1210 4434 argumentum
1226 4347 1372 4436 postula-
