3258 4924
783 499 992 564 ..23-

325 686 477 774 1]εοτ1ραι
499 687 675 772 ἑμβολῆμωι
696 687 751 774 qui
773 682 912 753 est'dies
934 686 1061 752 XXXI.
1107 683 1147 751 Id
1169 691 1276 753 tamen
1299 686 1464 773 nequead

325 793 401 858 enni
423 793 599 860 communia
622 813 726 878 neque
747 790 789 857 ad
812 792 1010 858 intercalaria
1032 791 1190 858 rationem
1213 789 1367 879 quadrat,
1390 791 1465 860 licet
1502 843 1507 853 .

326 901 542 978 Μεταγνιτναῦ
548 921 596 972 νος
619 916 647 960 v.
672 897 727 974 314
750 917 858 961 errore
880 896 1033 982 seriptum
1056 916 1127 961 esse
1148 915 1206 980 pro
1229 897 1465 980 Βοηδρομιῶνος

326 999 483 1066 concedas
507 997 742 1083 (ann.oomm.:
766 1002 806 1065 29
826 999 859 1078 1-
880 1002 978 1076 30-1-
996 1002 1035 1064 31
1056 1027 1095 1053 =
1113 1001 1169 1082 903
1193 1001 1234 1064 29
1252 1007 1289 1074 ΛΓ
1308 1001 1404 1076 30÷
1422 1003 1464 1066 20

326 1133 368 1158 =
385 1107 443 1185 793
466 1125 539 1169 ann.
555 1104 679 1170 intere:
702 1107 744 1169 29
762 1110 799 1180 ÷
819 1106 860 1168 30
879 1109 915 1179 1-
932 1106 971 1168 31
990 1133 1032 1156 =
1048 1105 1105 1184 903
1122 1105 1216 1168 2.32
1231 1101 1272 1183 1-
1289 1100 1463 1187 20:84).

325 1207 520 1293 Temporum
550 1207 648 1294 igitur
676 1209 757 1272 ratio
786 1209 850 1272 iam
880 1206 1067 1294 Ergoohare
1093 1207 1248 1272 archonte
1272 1204 1308 1291 (i.
1331 1227 1358 1272 e.
1381 1207 1465 1272 iutra

325 1333 426 1376 annos
447 1313 618 1376 247-222
641 1314 694 1378 vel
717 1313 888 1378 aaa-205
912 1311 1087 1378 secundum
1101 1309 1316 1392 Kochlorum)
1339 1318 1464 1396 pertur-

325 1413 401 1479 bato
423 1413 524 1480 fuisse
546 1415 689 1498 videtur3
721 1416 760 1482 cf.
791 1438 874 1502 quae
903 1415 1071 1483 adnotavit
1093 1415 1238 1484 Kochler
1267 1415 1307 1480 ad
1336 1437 1366 1480 n.
1391 1417 1463 1480 408.

828 1655 859 1698 n.
883 1635 957 1698 382.

428 1786 568 1852 Versum
599 1794 748 1867 octavum
778 1809 842 1853 non
876 1793 966 1854 recte
998 1786 1195 1853 intellexisse
1227 1788 1304 1852 mihi
1338 1787 1464 1854 videtur

325 1887 475 1957 Koehler.
507 1889 578 1979 Ego
595 1892 756 1979 quomodo
772 1891 1010 1959 restituendum
1033 1911 1104 1958 esse
1127 1892 1256 1956 titulum
1273 1892 1463 1966 existimem,

322 1992 440 2060 indicat
462 1995 693 2082 apographum.
731 1994 771 2060 of.
793 2017 846 2060 nn.
871 1995 949 2074 3093
978 1997 1057 2076 3183
1082 1998 1159 2076 3313
1189 1991 1302 2078 Ἀθήν.
1324 1994 1374 2059 VI
1400 1997 1461 2060 135

324 2119 356 2163 n.
382 2101 522 2180 10;,136
545 2120 576 2164 n.
602 2102 651 2164 11.

824 2338 856 2382 n.
880 2317 955 2382 385.

427 2471 590 2558 Septimae
612 2471 783 2562 prytaniae
814 2469 882 2563 dies
912 2471 1098 2538 undecimus
1122 2469 1164 2554 (v.
1187 2470 1223 2553 3)
1245 2471 1386 2539 incidere
1408 2472 1463 2539 de·

324 2575 422 2642 bebat
453 2581 510 2640 aut
539 2577 571 2639 in
602 2596 745 2641 mensem
776 2573 998 2642 Gamelionem
1031 2576 1105 2642 anni
1135 2577 1313 2642 communis
1343 2583 1401 2644 sut
1431 2577 1464 2643 in

323 2677 540 2744 Posideonem
570 2677 605 2742 II
635 2700 665 2744 a.
692 2679 901 2746 intercalaria.
940 2680 1055 2767 ‘Atque
1084 2701 1167 2746 aoso
1196 2680 1377 2744 intercalari
1400 2680 1463 2746 diei

323 2781 375 2847 XI
390 2781 559 2868 prytaniae
575 2783 730 2868 septimos
745 2783 964 2868 respondebat
978 2782 1170 2850 Posideonis
1185 2782 1220 2848 II
1239 2783 1307 2849 dies
1323 2785 1461 2867 25-27,

323 2892 359 2952 ut
393 2886 455 2950 hoc
488 2885 556 2952 fore
589 2886 685 2950 modo
720 2886 923 2954 scribendum
958 2893 1057 2954 esset:
1091 2887 1285 2964 Ποσιδεῶνος
1318 2885 1463 2972 δευτέρου

271 3057 277 3068 ,
323 2987 408 3072 ἕκτοι
430 2987 499 3069 μετ’
522 2987 652 3066 οἰνάδος.
699 2989 765 3056 Sed
789 3013 862 3056 cum
892 2992 948 3057 tali
979 2991 1183 3056 restitutione
1206 2989 1334 3057 minime
1357 2991 1461 3076 spatia

322 3091 517 3157 conveniunt
544 3111 693 3158 versuum
723 3101 916 3162 ceterorum.
962 3095 1034 3170 Qua
1062 3095 1103 3160 de
1132 3115 1228 3160 causa
1263 3115 1366 3160 annus
1396 3116 1461 3161 non

322 3201 373 3260 eat
394 3194 600 3278 intercalaris,
622 3195 877 3282 sedoommnnis,
900 3204 997 3285 atque
1019 3199 1237 3266 scribendum:
1262 3201 1463 3282 Γαμηλιῶνος

322 3295 481 3384 indescissa
504 3296 575 3382 (vel
596 3297 785 3386 δωδεκάτην).

825 3539 857 3584 n.
881 3520 953 3584 389.

425 3678 547 3746 Versus
570 3688 650 3767 quot
679 3682 745 3748 fere
775 3682 898 3748 litteras
927 3680 1225 3768 comprehenderint
1251 3717 1287 3729 -
1311 3704 1385 3750 nem
1406 3706 1462 3752 ne·

322 3805 384 3870 qne
396 3792 579 3852 constanter
594 3787 747 3853 adcurate
762 3785 928 3872 στοιχηδὸν
943 3795 1093 3855 exaratae
1109 3795 1201 3855 arent
1215 3789 1340 3856 litterae
1355 3809 1460 3878 neque

321 3909 432 3955 versus
454 3889 516 3954 sub
539 3891 641 3958 ‘finem
668 3911 762 3977 pares
793 3890 892 3956 fuisse
919 3890 1070 3958 videntur
1093 3929 1149 3971 -‚
1180 3893 1383 3977 cognoscitur
1417 3913 1459 3957 ex

322 3993 467 4059 versibus
495 3997 532 4074 4,
562 4002 598 4076 5,
631 3997 688 4076 11,
721 3994 776 4080 qui
805 4001 893 4060 certo
927 3995 1067 4061 restituti
1097 4001 1180 4061 sunt.
1224 3995 1305 4060 Post
1339 3992 1461 4079 -]drsr

321 4095 460 4178 προτέρω
483 4099 555 4162 12
585 4119 687 4184 usque
718 4098 761 4163 ad
790 4103 846 4184 τῆς
876 4099 1057 4180 πρυτανείας
1086 4099 1223 4184 spatium
1253 4107 1302 4166 est
1333 4101 1458 4164 17-19

321 4199 509 4268 litterarum.
554 4201 716 4268 Numerus
740 4223 803 4289 quo
833 4201 917 4268 diem
947 4203 1115 4288 prytaniae
1143 4223 1330 4289 expressum
1359 4203 1461 4269 inisse

323 4311 450 4390 oportet
481 4306 652 4391 incipiebat
687 4306 727 4371 ab
760 4331 804 4387 a·;
836 4307 935 4371 verba
965 4307 1094 4370 εἷκοσττῖ
1122 4306 1157 4388 (8
1179 4304 1272 4391 litt),
1303 4305 1378 4372 ἓκτο
1411 4308 1461 4370 καὶ

323 4405 437 4479 destiter
460 4406 518 4500 (15
534 4407 620 4501 litt),
643 4406 741 4474 ἔνάτεν
764 4413 812 4480 καὶ
835 4407 953 4477 destiter
976 4407 1132 4496 (161111.)
1155 4409 1293 4498 apetium
1315 4431 1379 4478 non
1405 4431 1461 4480 ex·
