3258 4924
719 489 988 556 —53-·

255 701 361 766 nsque
383 702 425 747 ex
447 678 559 744 decem
588 700 693 764 neque
724 701 765 744 ex
796 679 966 746 duodecim
989 681 1128 746 tribuum
1151 687 1296 770 ternpore
1320 706 1393 750 con·

255 787 358 850 tiones
386 804 498 848 omnes
526 789 623 847 notae
654 791 738 849 sunt.
783 781 918 850 Servata
940 793 1048 850 autem
1078 793 1128 851 est
1151 786 1287 851 duarum
1310 787 1393 853 eius-

254 888 327 954 dem
350 887 516 974 prytanias
539 886 726 964 contionum
749 888 868 953 mentio
894 889 1077 974 quinquies:
1107 910 1138 952 n.
1161 893 1204 955 49
1227 896 1259 954 st
1278 887 1391 974 Ἀθήν.

253 991 303 1056 VI
327 994 405 1074 2693
429 1011 482 1054 nn.
509 991 609 1071 lassa
632 996 664 1054 et
689 993 766 1074 1693
790 1013 843 1055 nn.
869 993 929 1055 176
953 997 984 1056 et
1010 995 1085 1068 1773
1108 1015 1162 1057 nn.
1186 994 1248 1057 259
1265 999 1298 1058 et
1314 995 1393 1072 2603

253 1117 305 1160 nn.
329 1096 392 1160 262
415 1101 449 1160 et
472 1095 545 1173 263,
568 1095 648 1173 264;
670 1095 767 1158 trium
782 1096 901 1160 semel:
922 1117 975 1160 nn.
994 1097 1065 1178 124,
1092 1099 1151 1161 125
1168 1102 1200 1160 et
1217 1097 1288 1176 126,
1306 1097 1392 1161 127.Ι

358 1195 453 1272 Quod
476 1195 573 1281 igitur
594 1195 636 1261 ad
659 1204 804 1282 tempora
818 1197 851 1262 X
875 1198 1015 1264 tribuum
1030 1199 1144 1264 attinet
1159 1199 1191 1262 in
1207 1197 1392 1264 Aristotelis

254 1301 294 1367 de
326 1307 478 1387 quattuor
515 1299 717 1366 contionibus
751 1302 932 1367 testimonio
967 1309 1037 1367 tuto
1071 1303 1275 1388 acquiescere
1309 1301 1392 1366 licet.

254 1405 346 1470 Idem
374 1411 484 1470 autem
514 1403 694 1467 confirmari
724 1404 848 1468 videtur
876 1405 949 1490 lege
977 1406 1009 1470 in
1038 1405 1264 1470 Demosthenis
1286 1403 1421 1488 Timo-V

253 1513 361 1574 oraiaa
383 1511 512 1571 servata
533 1505 552 1588 ξ
574 1507 630 1569 21ε
653 1503 724 1582 roric
746 1504 914 1587 πρυτάνεις,
939 1507 990 1592 ἐφ’
1013 1498 1054 1571 ὧν
1076 1505 1116 1572 dv
1137 1505 1157 1591 ἡ
1178 1507 1393 1592 ἐπιχειροτονία

254 1609 387 1695 γένηται,
410 1615 504 1673 ποιεῖν
526 1611 593 1691 περὶ
617 1613 680 1672 ταῖν
701 1605 1044 1693 ἀποχειροτονηθέντων
1065 1608 1122 1695 τήν
1137 1611 1315 1676 τελευταίαν
1331 1617 1393 1674 ταῖν

253 1711 533 1796 τριῶν-ἐκκλησιῶν
555 1711 679 1776 collatis
703 1713 836 1776 oratoris
860 1713 964 1778 verbis
987 1713 1005 1794 ἕ
1028 1714 1085 1778 25:
1119 1715 1168 1778 καί
1191 1713 1392 1796 πρῶτονμὲν

253 1815 303 1902 ἐφ’
334 1814 409 1897 ίιμῖν
437 1813 587 1897 ἐποίησαν
610 1815 855 1898 διαχειροτονίαν,
876 1813 1005 1898 πίιτερον
1027 1813 1187 1892 εἰσοιστέος
1210 1813 1277 1880 ἐστὶ
1300 1814 1392 1895 νόμος

251 1917 353 1996 καινός
378 1915 569 2000 η.ι1ὀκοι7υιν
597 1915 699 1999 ἀρκεῖν
727 1915 756 1981 οἱ
777 1917 918 1996 κείμενοι.
955 1913 1035 1996 prasci
1056 1923 1155 1981 ταῦτα
1177 1916 1204 1980 d’
1228 1914 1268 1979 ἂν
1286 1941 1390 2000 χειρο-

253 2021 404 2107 τονήσητε
434 2017 600 2106 εἰσφέρειν,
630 2019 684 2084 oda
713 2016 812 2096 εὐθιὶς
842 2017 961 2084 τιθέναι
989 2017 1194 2099 προσέταξαν,
1226 2015 1302 2084 atta
1333 2016 1392 2100 τὴν

252 2127 360 2210 τρίτην
387 2122 549 2200 ἀπέδειξαν
579 2121 754 2206 ίκκλησίαν,
788 2126 837 2188 καί
866 2122 932 2188 οὐδ’
962 2121 996 2188 έν
1022 2120 1121 2211 ταύτῃ
1148 2120 1267 2186 τιθέναι
1296 2121 1393 2186 dedui-

253 2253 354 2306 καοιν,
395 2225 473 2292 dilui
506 2225 685 2305 σκέψασθαι
719 2223 787 2290 καθ’
825 2224 841 2290 ὅ
876 2253 903 2290 τι
936 2223 1008 2304 rode
1041 2223 1212 2306 νομοθέτας
1245 2231 1390 2292 καθιεῖτε.

254 2331 455 2416 Quemquam
478 2328 707 2394 Westermann
730 2329 784 2414 qui
805 2328 911 2414 legem
933 2328 1020 2393 illam
1040 2329 1169 2394 omnino
1192 2329 1299 2393 fictam
1321 2338 1390 2394 es'se

255 2436 445 2514 arbitratur,
476 2453 516 2497 ex
540 2432 589 2497 his
617 2451 746 2518 quoque
768 2431 891 2497 verbis:
921 2429 977 2513 τήν
1006 2433 1180 2496 τελευταίαν
1210 2438 1271 2496 τιῢν
1300 2434 1392 2516 τριῶν

253 2535 429 2620 ἐκκλησιῶν,
457 2555 553 2620 quam
575 2535 664 2600 nulla
692 2534 771 2599 fides
803 2535 843 2600 sit
866 2535 1074 2619 grammatico
1098 2534 1152 2620 qui
1174 2535 1282 2620 legem
1306 2555 1390 2600 com-

252 2641 411 2726 posuerit,
440 2639 597 2724 adparere
627 2639 771 2704 ολοιιιίί.2
815 2639 1068 2704 Demosthenem
1099 2641 1183 2704 enim
1205 2638 1311 2702 verbis
1334 2636 1392 2722 τὴν

252 2743 359 2826 τρίτην
380 2740 541 2817 ἀπέδειξαν
563 2743 723 2825 ἐκκλησίαν
745 2742 941 2828 significasse
965 2749 1056 2827 putat
1079 2761 1144 2806 non
1168 2741 1294 2808 tertiam
1318 2761 1390 2806 con·

253 2846 371 2910 tionem
396 2851 468 2930 post
490 2845 635 2930 primam,
659 2845 716 2910 sed
738 2847 866 2911 tertiam
889 2846 962 2910 anni
986 2847 1167 2910 contionem
1189 2845 1292 2931 prima
1307 2864 1390 2910 com·

251 2949 409 3033 prehensa
430 2947 581 3034 idemque
603 2947 801 3014 intellexisse
825 2948 921 3014 etiam
943 2947 1023 3034 legis
1038 2945 1247 3030 inventorem,
1270 2946 1326 3012 sed
1349 2969 1391 3014 ex

252 3073 331 3118 suae
353 3050 468 3117 aetatis
491 3051 640 3138 exemplo
663 3071 721 3136 pro
746 3053 842 3117 tertia
863 3053 1008 3116 ultimam
1030 3051 1175 3138 posuisse
1198 3051 1293 3115 trium
1317 3071 1391 3116 oon·

251 3157 374 3223 tionum
396 3175 453 3242 per
475 3156 655 3240 prytaniam
678 3155 913 3234 habendarum,
937 3163 1016 3246 quot
1038 3155 1167 3220 habitae
1191 3161 1299 3222 assent
1320 3153 1390 3220 XII

251 3261 392 3326 tribuum
414 3265 568 3348 tempore.
611 3259 734 3325 Verum
764 3259 794 3324 id
827 3281 932 3346 neque
962 3261 994 3324 in
1023 3259 1274 3325 Demosthenem
1305 3258 1390 3323 valet

252 3385 357 3450 neque
380 3363 412 3428 in
435 3362 515 3446 legis
538 3369 702 3428 auctorem
725 3364 865 3450 quisquis
888 3363 957 3428 fuit.
1002 3361 1086 3426 Nam
1108 3363 1134 3426 si
1156 3362 1239 3427 bene
1259 3361 1390 3446 respicis

253 3467 387 3532 oratoris
416 3465 517 3532 verba
544 3463 644 3547 μετέ
674 3473 798 3531 ταῦτα
827 3466 865 3530 δέ·
894 3467 927 3548 (1;
953 3489 978 3532 e.
1001 3473 1075 3550 post
1097 3466 1336 3553 διαχειροτονίαν
1357 3464 1389 3528 in

252 3572 355 3655 prima
377 3569 526 3636 contione
548 3568 744 3650 habendam)
769 3607 802 3616 -
833 3566 891 3652 τήν
914 3569 1025 3653 τρίτην
1047 3566 1205 3644 antestans
1220 3566 1389 3650 ἐκκλησίαν,

252 3674 328 3760 quin
355 3673 591 3738 Demosthenes
621 3672 691 3758 ipse
726 3673 912 3756 significarit
947 3671 1073 3736 tertiam
1107 3671 1287 3736 contionem
1316 3676 1390 3756 post

252 3777 386 3862 primam
409 3775 496 3840 illam
518 3775 696 3862 legitimam
717 3776 772 3839 vix
790 3797 829 3842 ac
843 3796 883 3840 ne
899 3775 954 3840 vix
973 3775 1101 3861 quidem
1118 3773 1257 3839 dubitari
1272 3781 1388 3859 potest.

250 3877 372 3944 Notum
394 3887 504 3946 autem
526 3885 576 3944 est
598 3901 639 3944 ex
661 3880 753 3946 Dem.
776 3879 869 3964 Lept.
892 3878 910 3960 ἕ
933 3881 974 3943 94
1004 3877 1073 3966 (τῷ
1094 3884 1272 3960 γραμματεῖ
1291 3905 1389 3960 παρα-

252 3987 368 4064 δοῦναι,
392 3987 501 4046 τοῦτον
523 3980 550 4045 d’
572 3981 610 4047 έν
633 3989 719 4060 ταῖς
741 3983 971 4066 ἐκκλησίαις
994 3980 1266 4066 σίναγιγνιιίσκειν)3
1288 4003 1389 4048 novae

258 4096 458 4106 n—-ffl-

337 4149 346 4184 ¹
367 4145 515 4200 Ocutiones
534 4145 755 4214 Elaphebolione
774 4149 809 4200 ol.
829 4143 907 4212 1082
924 4145 1036 4200 habitas
1057 4145 1121 4212 (rid.
1135 4163 1160 4216 p.
1172 4145 1216 4214 41)
1236 4146 1263 4198 in
1278 4161 1388 4199 censum

252 4247 306 4286 non
326 4233 440 4286 veniunt
459 4233 524 4301 qaia
542 4234 634 4300 plnres
653 4239 718 4288 sunt
736 4232 981 4290 extraordinariae.

338 4320 349 4354 ²
367 4319 386 4370 l.
404 4333 428 4370 c.
446 4335 473 4385 p.
491 4317 534 4372 20.

337 4405 349 4444 ³
367 4403 403 4459 of·
421 4403 484 4458 Dia.
502 4401 517 4456 1
534 4401 578 4458 42.
