3226 4932
625 419 668 427 -
716 383 800 464 [323]
848 419 884 428 -
1288 385 1320 443 n

191 569 362 638 sileensem
386 571 600 636 Phavorinum
622 591 694 638 esse
717 570 793 638 inde
816 579 967 657 apparet,
1002 571 1088 654 quod
1109 571 1326 656 typographo-

191 697 259 742 rum
283 674 518 741 Basileensium
541 674 650 740 vitium
674 676 762 760 apud
785 675 960 742 Eudociam
983 676 1016 740 in
1040 675 1183 760 codiee)
1217 696 1328 741 serva-

190 785 257 845 tum
280 785 330 844 est
353 775 698 866 παραμυθήσωνται,
732 800 806 846 cum
832 781 976 846 Romana
1005 779 1103 846 editio
1132 798 1203 844 oum
1233 777 1328 846 scho-

190 883 233 949 lio
257 889 342 948 recte
365 879 690 969 περαιωθήσωνται
711 883 841 950 habeat.

277 985 367 1064 Quae
390 986 417 1052 si
441 993 527 1052 recte
550 986 715 1072 disputata
738 993 821 1068 sunt,
856 1007 919 1054 non
941 995 1015 1054 ante
1037 1007 1155 1052 annum
1177 1007 1241 1070 quo
1265 988 1328 1051 Ba-

191 1090 340 1156 sileensis
356 1089 528 1156 Phanorini
551 1089 649 1156 editio
671 1089 705 1155 in
728 1091 832 1156 lucem
856 1091 975 1157 emissa
997 1097 1056 1173 est,
1082 1091 1328 1157 hanchance

192 1215 311 1260 annum
338 1197 419 1259 1538
442 1192 604 1260 Eudociae
626 1193 795 1261 violarium
819 1195 963 1261 extitisse
987 1194 1161 1262 dilucidum
1185 1194 1230 1260 fit.

277 1401 324 1467 Ac
338 1420 379 1467 ne
395 1400 466 1484 quis
481 1401 562 1467 forte
585 1401 829 1485 interpolatione
852 1421 892 1466 ea
914 1401 947 1467 in
970 1403 1137 1468 violarium
1159 1401 1328 1486 irrepsisse

191 1505 365 1587 existimet,
390 1504 473 1589 iam,
499 1525 595 1588 quam
619 1505 684 1570 late
706 1503 880 1570 Phavorini
902 1505 935 1570 in
958 1525 995 1571 eo
1019 1525 1096 1570 usus
1120 1511 1245 1590 pateat,
1273 1525 1330 1570 ex-

192 1607 373 1696 ponendum
397 1615 457 1674 est.
497 1607 709 1687 Quamobrem
732 1628 796 1673 non
819 1608 960 1674 alienum
984 1608 1111 1674 videtur
1128 1609 1170 1674 ah
1186 1609 1329 1674 hocloco

193 1733 301 1780 eorum
324 1711 475 1793 fontium,
509 1712 625 1794 quibus
651 1712 780 1777 omnino
802 1731 862 1778 usa
885 1712 1032 1778 videatur
1054 1712 1197 1778 Eudocia
1223 1712 1330 1796 (liceat

193 1817 278 1884 enim
301 1837 339 1883 eo
362 1815 490 1881 nomine
513 1817 679 1900 appellare
703 1815 879 1900 falsarium)
907 1816 984 1882 dare
1007 1822 1222 1901 conspectum.

277 1921 355 1986 IA.
402 1919 575 1985 Phavorini
598 1919 696 1986 editio
720 1919 918 1986 Basileensis
941 1941 973 1985 a.
1003 1922 1095 1984 1538.

277 2026 294 2090 Ι
317 2026 354 2090 B.
402 2024 530 2106 Fontes
557 2043 637 2106 quos
660 2023 775 2109 partim
798 2025 885 2110 ipsos
908 2023 1055 2090 adhibuit
1077 2023 1230 2106 Eudocia,
1257 2044 1331 2108 par-

191 2129 248 2195 tim
270 2150 291 2194 a
312 2127 492 2193 Phavorino
515 2127 673 2213 excriptos
695 2127 828 2212 accipit:

322 2253 354 2296 a.
401 2231 541 2296 Pollucis
564 2231 805 2297 onomasticum.

319 2335 351 2402 h.
399 2334 619 2400 Eratosthenis
641 2335 863 2400 catasterismi.

324 2460 351 2505 c.
399 2437 560 2504 Eustathii
582 2438 615 2504 in
638 2439 809 2505 Homerum
833 2439 1062 2505 commentarii.

321 2542 352 2608 d.
398 2541 528 2608 Scholia
550 2542 714 2627 Apollonii
737 2543 865 2608 Rhodii.

320 2669 350 2713 e.
398 2645 527 2712 Scholia
548 2646 691 2712 Hesiodi.

276 2752 318 2816 II.
367 2752 486 2816 Fontes
508 2756 636 2835 praeter
658 2750 870 2816 Phavorinum
900 2749 932 2814 in
957 2747 1173 2832 mythologice
1200 2748 1329 2832 potissi-

193 2877 277 2922 mum
302 2861 391 2940 parte
414 2855 575 2939 usurpati:

323 2981 352 3023 a.
400 2957 507 3022 Nonni
529 2957 657 3024 abbatis
678 2957 711 3022 in
726 2957 770 3021 IV
793 2958 826 3022 S.
846 2955 994 3040 Gregorii
1013 2955 1153 3038 theologi
1169 2955 1329 3021 orationes

399 3060 532 3128 scholia.
1089 3061 1092 3068 ’

324 3167 355 3231 b.
402 3165 513 3232 Codex
542 3166 708 3233 Parisinus
736 3169 820 3230 2600
851 3163 1080 3230 miscellaneus
1113 3161 1164 3244 (dc
1193 3182 1255 3246 quo
1285 3161 1326 3226 of.

400 3269 508 3350 infra).

324 3393 350 3438 c.
402 3372 530 3457 Cyriaci
546 3373 736 3439 Anconitani
759 3371 993 3456 epigrammata
1015 3391 1074 3454 per
1091 3369 1256 3454 Illyricum
1279 3390 1330 3436 re-

399 3483 500 3562 perta.

321 3579 353 3643 d.
397 3579 594 3645 Athenaeus.
650 3579 832 3664 Stephanus
866 3577 1053 3662 Byzantius.
1108 3576 1265 3642 Nicandri
1298 3583 1330 3641 et

400 3682 539 3767 Oppiani
569 3681 703 3748 scholia.
757 3681 952 3764 Anthologia
981 3679 1158 3744 l'lauudea.
1206 3679 1330 3764 Sopho—

398 3787 456 3851 clis
478 3792 510 3851 ot
525 3784 690 3868 Euripidis
712 3783 870 3851 editiones
885 3803 911 3849 s.
930 3784 1006 3848 XVI
1021 3783 1210 3866 impressae.
1251 3783 1328 3849 (lor-

400 3889 468 3956 nuti
491 3895 523 3954 et
536 3887 726 3973 Palaephati
742 3887 840 3954 editio
857 3887 1054 3954 Basileensis
1069 3907 1100 3951 a.
1122 3889 1213 3949 1543.
1253 3886 1331 3951 Phi-

400 3993 523 4058 lostrati
539 3992 696 4059 editiones
712 3990 861 4056 Aldinae.
890 3991 1063 4056 Annalium
1079 3989 1249 4075 scriptores
1264 3990 1329 4075 By-

401 4095 536 4160 zantini:
565 4094 718 4176 Oodinus,
743 4095 822 4176 Ioel,
849 4095 1024 4162 cedrenus.

266 4323 288 4390 *l
311 4321 395 4380 Flach
415 4321 597 4396 inapparatu
616 4319 715 4378 critico
733 4319 796 4378 vitii
814 4319 897 4378 huius
915 4319 1082 4380 mentionem
1101 4318 1213 4378 omittit.
