3248 4928
597 443 651 472 -ι
687 411 771 492 [409]
819 449 860 458 -
1258 417 1298 477 97

163 619 276 664 carens
297 617 354 682 pro
378 603 554 686 προικίσαι
584 620 655 665 curn
685 601 756 666 sola
778 601 957 668 Basileensi
981 602 1064 668 Eud.
1105 605 1118 688 ΙΙ
1155 603 1220 669 Sed
1250 605 1302 670 bic

163 704 224 770 etsi
247 705 326 770 satis
348 705 540 790 conspicuus
563 712 614 770 est
634 704 668 769 in
690 705 778 772 vitiis
801 725 986 789 consensus,
1012 707 1112 774 multo
1135 709 1236 773 maior
1252 715 1302 775 est

164 807 351 872 mendorum
374 807 423 871 vis
446 806 479 870 in
502 805 650 890 epistulis
673 805 803 890 Epicuri
825 829 858 893 p.
880 811 939 872 173
953 828 1001 891 sq.
1027 831 1046 876 e
1070 810 1165 894 Diog.
1192 811 1300 876 Laert.

164 912 195 976 X
219 910 388 994 descriptis
411 910 642 988 communium;
674 931 714 976 ea
735 911 821 976 enim
843 912 889 978 ibi
911 918 961 978 cst
982 913 1177 998 ineptiarum
1200 915 1303 979 abun-

165 1015 276 1081 dantio
297 1015 331 1080 in
353 1014 405 1081 ed.
433 1015 528 1096 Bas,
561 1021 596 1080 ut
621 1035 819 1082 communem
849 1036 979 1084 sensum
1008 1017 1127 1084 frustra
1152 1037 1300 1102 quaeras.
1321 1091 1326 1110 ,

164 1121 255 1200 Quae
277 1120 357 1186 vitia
378 1141 450 1186 cum
475 1119 517 1184 ad
541 1140 638 1185 unum
657 1120 766 1186 omnia
781 1121 915 1190 redeant
928 1122 962 1188 in
978 1122 1120 1204 viclario,
1147 1123 1217 1188 fieri
1231 1144 1305 1189 mea

165 1224 325 1290 sententia
339 1224 451 1309 nequit
465 1225 541 1307 quin
556 1225 737 1290 Basilcensi
752 1223 893 1292 editione
916 1245 1006 1292 usam
1030 1245 1102 1294 esse
1126 1233 1305 1294 statuamus

158 1329 353 1421 liudooiam.
401 1331 509 1396 Pauca
542 1330 680 1396 correxit
715 1330 889 1414 Villoisou,
927 1332 1098 1398 nonnullas
1130 1332 1305 1417 particulas

167 1434 292 1518 omisit,
318 1454 401 1518 quas
424 1435 555 1500 exbibet
576 1434 677 1500 Flacb
699 1455 731 1519 p.
759 1437 826 1517 8*).
875 1435 1012 1520 Singula
1033 1436 1151 1502 menda
1173 1457 1306 1502 enume-

127 1565 129 1570 ·
168 1559 239 1604 rare
269 1539 399 1624 longum
432 1545 481 1604 est
508 1544 541 1604 ct
568 1536 663 1604 facile
692 1539 746 1606 vel
768 1558 808 1604 ex
830 1539 995 1606 Huebnen'
1018 1540 1061 1606 ad
1082 1540 1178 1625 Diog.
1204 1541 1305 1606 Laer-

167 1643 246 1709 tiom
275 1649 433 1728 apparatu
462 1649 537 1727 quot
566 1649 599 1709 et
628 1649 748 1726 quanta
777 1643 858 1726 sint,
891 1645 1031 1730 perspici
1052 1651 1168 1728 potest.
1215 1646 1306 1725 Quae

167 1769 239 1814 cum
261 1748 308 1814 ita
330 1747 410 1830 sint,
444 1768 507 1813 non
533 1748 617 1814 bene
639 1748 779 1814 Cobebrs
801 1747 1008 1816 Huebnemm
1031 1745 1161 1818 secutus
1185 1753 1307 1838 epistu-

168 1853 271 1919 larum
294 1852 388 1919 initia
410 1873 431 1918 a
452 1851 585 1918 falsario
607 1852 682 1918 fieta
696 1852 731 1917 in
745 1851 901 1937 Diogenis
916 1860 1038 1920 mutum
1054 1855 1186 1940 recepit.
1222 1855 1306 1920 Nam

168 1945 207 2022 εὗ
229 1953 393 2040 πράττειν
414 1977 445 2040 p.
475 1959 536 2020 173
559 1962 592 2021 et
613 1977 646 2040 p.
675 1957 730 2020 181
759 1955 903 2022 Eudocio
924 1955 1050 2040 scribit,
1077 1977 1149 2022 cum
1171 1957 1206 2022 id
1228 1955 1307 2022 soli-

168 2069 235 2126 tum
258 2078 330 2125 csse
353 2059 460 2125 facere
484 2059 655 2144 Epicurum
679 2079 697 2126 e
719 2059 866 2144 Diogene
888 2059 1016 2125 Laertio
1039 2059 1070 2124 X
1095 2063 1133 2123 11
1164 2059 1303 2136 noverit;

169 2165 331 2250 Diogenes
354 2163 576 2250 ipsejodocw
598 2163 715 2250 posuit.
763 2165 844 2229 Tum
868 2185 900 2250 p.
930 2167 989 2229 173
1014 2165 1132 2230 Κλέων
1162 2157 1179 2228 ὅ
1211 2187 1309 2248 περι-

172 2265 296 2355 καλλὴς
318 2265 380 2354 τὴν
402 2264 498 2351 παρὰ
521 2273 582 2332 σοῦ
604 2291 663 2349 μοι
686 2262 822 2354 ἤνεγκεν
845 2265 1028 2354 ἐπιστολήν
1049 2267 1147 2360 Eud,
1166 2262 1310 2352 ’Ήνεγκέ

169 2398 228 2455 μοι
251 2374 370 2438 Κλέων
400 2369 582 2458 ἐπιστολὴν
611 2369 707 2457 παρὰ
730 2377 792 2438 σοῦ
814 2373 909 2457 Diog.
935 2371 1043 2438 Laert.
1069 2371 1152 2438 libri.
1201 2372 1310 2438 Eudo-

170 2477 252 2544 oiam
275 2477 484 2562 igiturpatet
506 2496 619 2542 ornare
641 2476 782 2543 voluisse
804 2477 961 2562 Diogenis
984 2482 1117 2543 textum.

637 2741 842 2750 —-—-—.—

258 2979 349 3046 Haec
376 2980 476 3046 habui
505 2981 546 3047 de
572 2980 714 3047 tontibus
736 2979 860 3046 violarii
883 2997 966 3063 quae
988 2977 1124 3045 dicenda
1147 2977 1313 3045 existima-

172 3105 250 3151 rem.
298 3082 421 3161 Quibus
451 3085 529 3150 mihi
559 3083 670 3151 videor
699 3083 849 3150 docuisse
877 3103 941 3148 non
970 3101 1067 3167 posse
1096 3083 1138 3148 ab
1167 3081 1311 3148 Dudociu

171 3188 459 3256 Macrembolitissa
480 3189 649 3256 violarium
674 3189 882 3273 compositum
905 3206 988 3270 esse,
1015 3186 1072 3253 sed
1088 3195 1162 3273 post
1175 3209 1206 3253 a.
1228 3190 1310 3252 1543

173 3293 214 3360 ab
245 3293 373 3359 bomine
396 3292 600 3359 fraudulento
623 3301 656 3359 et
678 3291 810 3359 falsario
833 3313 851 3358 e
874 3291 1016 3358 lontibus
1039 3291 1211 3356 maximam
1235 3312 1310 3376 par·

173 3406 237 3466 tem
256 3397 472 3466 deterioribus
494 3416 567 3464 esse
590 3397 806 3482 compilatum.
846 3395 926 3474 Quis
949 3393 1045 3462 luerit
1067 3402 1177 3460 auctor
1198 3413 1312 3478 quam-

173 3525 268 3588 quam
291 3503 495 3588 ignoramus,
529 3511 636 3570 tamen
666 3502 746 3569 citra
767 3503 867 3587 Alpes
897 3521 969 3567 eum
996 3500 1118 3567 vixisse
1140 3501 1215 3567 inde
1238 3521 1312 3585 pro

172 3607 281 3673 babile
297 3615 356 3690 est,
383 3605 468 3691 quod
483 3607 689 3674 Basileenses
704 3605 860 3672 editiones
877 3603 999 3670 Italicis
1014 3603 1164 3689 praefert.
1207 3603 1312 3670 Grae-

173 3733 244 3777 cum
274 3729 346 3776 eum
376 3709 500 3794 origiue
529 3731 594 3776 non
623 3709 724 3776 fnisse
755 3709 823 3774 veri
845 3729 908 3774 nou
931 3715 981 3774 est
1002 3706 1159 3773 dissimile
1182 3713 1312 3792 propter

172 3815 253 3882 vitia
275 3813 401 3880 violerii
423 3836 486 3882 nou
509 3835 614 3899 pauca
636 3835 721 3898 quae
743 3813 903 3880 bominem
926 3812 1070 3880 Graecae
1093 3812 1226 3897 linguae
1248 3833 1312 3878 non

173 3919 253 3984 satis
282 3917 420 4003 peritum
449 3917 607 3998 redolent;
641 3918 730 3984 velut
753 3915 965 4004 ἐζηλωμένην
992 3915 1026 3980 in
1055 3915 1196 4000 epistula
1217 3934 1313 4000 prae-

244 4193 268 4261 *l
289 4194 366 4250 Idem
384 4195 413 4250 iu
430 4195 584 4250 editionem
602 4196 654 4251 bas
672 4196 810 4265 epistulas
827 4211 882 4250 non
902 4195 1017 4265 recepit.
1058 4191 1109 4258 (ef.
1131 4193 1192 4249 eius
1210 4192 1313 4248 editio

174 4284 219 4340 nis
236 4280 441 4354 praelationem
460 4299 488 4352 p.
508 4281 599 4345 Vlll.)
637 4279 698 4345 Qua
716 4281 753 4335 do
770 4297 801 4336 ro
819 4281 1004 4338 rectissimum
1022 4279 1089 4336 vide
1108 4279 1222 4336 Maassii
1241 4279 1313 4335 iudi-

175 4372 248 4428 cium
269 4371 297 4436 (l.
318 4387 345 4444 p.
360 4370 393 4422 96
412 4369 429 4424 l.
451 4369 516 4427 adu.
539 4365 623 4433 lteb).

1089 4455 1103 4506 7
