3248 4928
621 455 670 480 ,-
732 417 818 498 pos]
865 455 907 461 .„
1300 421 1336 480 οι

204 604 288 671 Nam
311 603 418 687 siquid
440 610 583 688 praestat
605 603 768 688 Summis,
798 604 1076 672 emendationibus
1098 605 1221 672 falsarii
1245 606 1341 673 debet

206 707 373 792 originem.
421 707 514 794 Quod
542 706 583 776 de
605 707 760 775 Alemone
788 716 821 776 et
849 708 891 775 de
913 708 1052 776 Corinna
1080 715 1113 775 et
1140 709 1181 776 de
1210 710 1341 796 Sappho

205 812 351 896 singulas
373 810 518 878 Eudooia
539 811 638 878 habet
659 813 798 896 glossas,
824 812 918 878 binas
941 811 1070 896 sudas,
1096 813 1166 880 eius
1180 814 1228 880 rei
1243 833 1343 882 eausa

206 917 372 983 brevitatis
396 914 535 982 studium
559 921 608 981 est
630 915 766 982 falsarii.

290 1021 327 1086 P.
355 1023 415 1086 163
442 1021 522 1106 περὶ
540 1012 727 1086 Ἑκαταίου.
771 1012 958 1106 Ἡρόδοτος
980 1019 1017 1086 δὲ
1040 1015 1058 1086 ό
1081 1013 1341 1108 Ἁλικαρνασεὺς

206 1117 378 1211 ὠφέληται
398 1120 520 1190 τούτου
540 1120 702 1210 νεώτερος
724 1119 772 1190 τόν
793 1123 911 1191 Suidas
933 1124 1055 1206 dumus,
1089 1117 1153 1212 ὑφ’
1180 1115 1220 1191 οὗ
1241 1127 1298 1190 καί
1320 1119 1338 1191 ό

203 1222 484 1314 Ἁλικαρνασσεὺς
495 1221 680 1313 Ἡρόδοτος
695 1220 866 1315 ὠφέληται
880 1224 1041 1314 νεώτερος
1056 1223 1102 1295 ὤν
1124 1227 1213 1297 facili
1229 1250 1339 1296 emen-

203 1331 332 1398 datione
354 1331 498 1398 Eudoeia
520 1332 666 1398 mutavit.

290 1437 326 1501 P.
353 1437 415 1500 229
446 1435 488 1502 δα
509 1435 693 1502 Theodosio
721 1435 836 1502 eadem
866 1434 964 1503 habet
988 1435 1133 1502 Eudooia
1159 1457 1242 1520 qnae
1265 1438 1339 1504 Sui-

176 1540 279 1624 -das,
311 1539 374 1606 nisi
404 1539 491 1623 quod
519 1539 578 1604 illa
607 1557 665 1605 suo
694 1559 783 1605 more
811 1539 913 1606 multa
943 1540 1060 1607 omittit
1082 1547 1114 1608 et
1135 1535 1210 1628 ἤτοι
1229 1542 1338 1629 inepte

201 1645 314 1711 inserit
334 1644 417 1710 inter
439 1643 574 1709 duorum
597 1642 749 1709 libromm
771 1643 891 1709 titulos.

287 1749 324 1812 P.
350 1750 411 1811 247
435 1745 476 1812 de
491 1747 631 1812 Isoerata
646 1745 823 1812 Suidanam
838 1748 981 1830 glossam
997 1747 1156 1834 excerpit3
1181 1748 1237 1814 nbi
1258 1768 1338 1814 oaeu

201 1851 319 1918 factum
350 1857 416 1934 est,
449 1857 484 1916 ut
514 1846 655 1935 λόγους
677 1853 779 1916 πέντε
802 1874 832 1914 κ.
857 1874 887 1914 τ.
913 1851 943 1915 λ.
968 1858 1101 1937 poneret
1129 1871 1187 1938 pro
1217 1851 1336 1918 Suidae

200 1955 308 2024 verbis
330 1955 387 2020 καὶ
409 1951 513 2038 λόγοι
535 1946 640 2019 αὐτοῦ
662 1951 686 2020 ε’
712 1977 741 2018 κ.
768 1977 797 2017 τ.
823 1953 891 2036 λ’)

285 2060 323 2124 Ρ.
349 2060 411 2124 268
445 2057 525 2142 περὶ
549 2058 727 2124 Καικιλίου
757 2063 817 2122 τοῦ
848 2054 999 2144 ῥήτορος.
1046 2057 1116 2123 Hae
1147 2059 1181 2124 in
1214 2059 1332 2143 glossa,

201 2183 297 2247 quam
320 2181 418 2247 supra
439 2183 471 2246 p.
497 2165 538 2226 76
567 2182 608 2227 ex
630 2161 751 2228 Aldina
779 2161 926 2227 haustam
953 2181 1109 2246 apparere
1138 2161 1249 2244 dooui,
1281 2183 1338 2229 our

201 2265 364 2332 Eudooiae
387 2265 487 2331 verba
509 2258 683 2344 ἀπόδειξις
705 2271 766 2332 τοῦ
788 2263 949 2352 εἰρῆσθαι
963 2289 994 2328 κ.
1013 2287 1041 2328 τ.
1061 2265 1092 2328 λ.
1111 2263 1183 2330 όστι
1199 2265 1235 2331 δὲ
1251 2263 1336 2331 κατά

200 2381 368 2452 στοιχεῖον
378 2368 531 2435 Snidanis
546 2368 598 2434 his
614 2366 686 2434 όστι
701 2368 738 2436 δὲ
754 2365 841 2433 κατὰ
856 2377 1024 2449 στοιχεῖον
1039 2361 1213 2449 ἀπόδειξις
1225 2369 1293 2434 κ.τ’.
1303 2371 1330 2434 λ.

199 2479 365 2560 praestare
387 2471 522 2538 Flaohio
544 2469 723 2552 videantur,
752 2471 900 2554 equidem
922 2491 985 2538 nou
1007 2471 1177 2556 adsequor.

285 2579 321 2642 P.
347 2581 409 2641 270
433 2577 513 2662 περὶ
536 2579 717 2661 Καρκίνου.
761 2576 900 2662 Σεμέλη,
927 2569 947 2662 ἢ
970 2569 1065 2662 ἀρχὴ,
1092 2569 1136 2653 ὡς
1152 2571 1335 2664 Ἀθήναιός

199 2703 304 2769 φησιν
326 2679 363 2746 ἐν
384 2684 699 2766 Δειπνοσοφισταῖς
721 2678 848 2764 Suidae,
874 2680 1013 2766 Σεμέλη,
1040 2679 1097 2744 καί
1119 2675 1204 2746 άλλα
1226 2681 1335 2748 Eudo-

198 2785 258 2851 eia.
306 2785 396 2850 Solet
417 2784 502 2850 enim
525 2783 592 2850 sere
614 2782 774 2848 Athenaei
796 2783 988 2849 mentionem
1011 2783 1167 2850 omittere.
1211 2787 1253 2851 Et
1274 2785 1335 2852 hoo

198 2887 327 2971 quidem
350 2888 419 2953 looo
442 2887 534 2953 solito
557 2887 683 2953 ielioius
706 2885 824 2951 omisit.
864 2887 947 2952 Nam
963 2881 983 2973 ἢ
1000 2879 1083 2974 ἀρχὴ
1103 2887 1245 2974 ineptiae
1260 2898 1335 2956 sunt

198 2990 329 3056 Suidae.
348 2991 360 3076 ΙΙ
375 2990 489 3074 Neque
511 2989 617 3056 minus
640 2989 727 3056 feliei
750 3009 827 3055 casu
853 3011 885 3075 p.
912 2994 970 3054 271
998 2989 1119 3058 Suidae
1142 2991 1182 3059 de
1204 2992 1333 3060 Grateu

196 3094 316 3160 eomioo
332 3094 431 3160 verba
452 3091 581 3178 ἔγραψε
604 3092 640 3158 δὲ
663 3093 720 3158 καὶ
742 3089 976 3180 καταλογάδην
997 3091 1074 3158 τινά
1095 3097 1329 3180 praetermittit.

283 3197 319 3261 P.
345 3197 407 3260 299
431 3197 510 3282 περὶ
527 3201 738 3279 Μαναίχμοο
759 3204 838 3281 etp.
858 3201 920 3262 366
937 3197 1017 3283 περὶ
1032 3194 1243 3281 Ποτάμωνος
1265 3221 1334 3266 me-

198 3300 262 3366 lius
284 3298 426 3365 Eudooia
448 3295 636 3378 Πλάτιονος
659 3301 836 3366 πολιτείαν
863 3298 992 3382 laudat,
1026 3320 1123 3384 quam
1151 3301 1333 3380 Πλάτωνος

196 3404 382 3480 πολιτείας
404 3403 535 3470 Suidas.
582 3404 647 3471 Sed
678 3425 751 3471 eum
781 3404 897 3470 librum
920 3405 1064 3472 Platonis
1093 3413 1202 3472 uotum
1230 3407 1332 3474 fuisse

194 3507 326 3572 falsario
357 3507 530 3574 venisimile
560 3515 624 3588 eet,
657 3529 851 3592 quamquam
879 3509 965 3575 idem
989 3528 1021 3595 p.
1048 3513 1111 3576 362
1133 3504 1152 3597 ἡ
1176 3510 1331 3599 πολιτική

195 3611 279 3676 male
301 3610 422 3676 Suidae
445 3610 575 3676 leetioni
598 3605 617 3698 ἡ
642 3612 804 3676 Πολιτεία
832 3611 864 3694 (ἰ.
891 3633 922 3678 v.
949 3609 1105 3696 Πλάτων)
1133 3614 1313 3699 supposuit.

280 3715 317 3777 P.
343 3717 405 3776 350
429 3714 509 3799 περὶ
532 3711 773 3799 Πολυαράτου.
810 3712 847 3780 όν
868 3721 916 3800 τῷ
938 3720 967 3781 εἶ
990 3721 1145 3802 στοιχείῳ
1167 3725 1228 3784 τοῦ
1251 3720 1330 3804 περὶ

194 3814 392 3902 παραδόξου
408 3815 558 3903 ἴστορίας
573 3818 718 3899 βιβλίον
740 3815 770 3882 α’
788 3819 894 3900 Suid,
922 3818 958 3885 όν
979 3826 1026 3906 τῷ
1047 3831 1070 3886 o
1094 3826 1249 3907 στοιχείῳ
1271 3830 1332 3888 τοῦ

193 3919 273 4004 περὶ
302 3919 501 4005 παραδόξου
532 3919 684 4008 ἱστορίας
707 3919 865 4007 πρώτου
886 3924 1037 4006 βιβλίου
1058 3925 1141 3991 Eud.
1190 3925 1330 3993 Litterae

193 4045 214 4088 υ
235 4029 268 4089 et
290 4045 320 4086 ει
341 4043 401 4107 per
421 4023 601 4090 itaoismum
625 4023 721 4090 saoile
744 4025 996 4107 confunduntu13
1022 4047 1083 4094 neo
1104 4029 1210 4096 minus
1233 4029 1330 4098 faoile

261 4263 286 4326 ¹)
307 4261 350 4317 of.
372 4279 444 4332 quae
467 4265 684 4333 prudentissime
709 4265 760 4320 hae
784 4268 820 4322 de
845 4284 874 4322 re
898 4268 1025 4342 disputat
1043 4267 1080 4326 A.
1101 4269 1184 4331 Daub
1202 4271 1238 4328 de
1256 4271 1327 4330 Eud.

192 4351 259 4410 viel.
279 4349 307 4408 tn
326 4350 395 4410 vitia
412 4366 465 4410 ser.
487 4349 535 4407 Gr.
555 4349 655 4410 tontib.
680 4355 744 4408 1880
762 4369 789 4428 p.
808 4357 847 4414 ¹³.
