3244 4932
687 455 779 541 [151]
1261 463 1299 525 13

165 661 313 718 notarum
328 650 520 715 musicarum
535 649 620 714 idem
635 647 675 713 011
691 648 825 713 traditus
843 647 983 733 (praeter
999 670 1053 714 eos
1072 651 1170 734 locos,
1186 651 1300 736 quibus

166 757 285 822 librarii
309 754 511 840 neglegentia
534 761 630 817 110100
653 753 777 838 aliquae
800 759 874 818 sunt
898 754 1066 836 omissae),
1093 775 1134 820 ex
1157 756 1300 823 versibus

167 860 359 925 catalecticis
391 860 429 941 ei,
459 879 593 944 quorum
624 859 746 924 notatio
774 858 898 942 integra
928 864 976 922 est
1006 867 1151 942 0011010,
1181 859 1300 926 maiore

167 973 316 1030 notarum
337 983 470 1028 numero
494 971 568 1027 sunt
591 961 727 1047 praediti
749 961 802 1035 ita,
834 969 869 1026 ut
892 962 924 1026 in
946 962 1077 1048 syllabis
1100 963 1224 1029 duabus
1247 985 1301 1029 ex·
1340 975 1344 986 ’

165 1071 273 1134 tremis
298 1074 448 1156 quattuor
470 1075 566 1132 notae
589 1067 746 1151 legantur.
791 1067 842 1131 Ex
873 1067 921 1130 his
952 1073 1103 1152 quattuor
1132 1069 1214 1132 notis
1236 1069 1300 1133 iam

167 1172 339 1258 Westpbal
362 1172 523 1237 contendit
555 1178 619 1236 tres
650 1169 690 1234 ad
713 1171 841 1254 longam
873 1171 1099 1256 paenultimam
1128 1173 1301 1256 pertinere:

167 1301 209 1346 ex
233 1301 297 1366 qua
319 1277 484 1342 notatione
506 1295 661 1361 apparere
684 1273 765 1340 hane
788 1297 858 1339 esse
880 1275 1049 1339 trisemam.

270 1383 421 1448 Attamen
451 1381 574 1445 notatio
602 1399 664 1444 non
694 1378 738 1441 110
769 1377 885 1441 tradita
916 1384 976 1458 est,
1008 1385 1044 1441 ut
1073 1399 1114 1442 ex
1146 1401 1184 1444 00
1214 1389 1300 1446 00110

167 1489 267 1574 possit
294 1486 439 1571 perspici,
464 1485 503 1548 ad
527 1503 606 1568 quas
629 1482 769 1566 syllabas
792 1480 973 1565 pertineant
996 1479 1056 1544 hae
1085 1487 1179 1548 notae
1210 1491 1301 1569 quat·

166 1599 240 1656 tuor
262 1592 403 1669 ultimae,
433 1609 505 1653 oum
534 1585 681 1650 librarius
712 1583 792 1649 adeo
824 1584 996 1668 neglegens
1028 1585 1060 1648 in
1091 1587 1175 1650 notis
1205 1609 1302 1673 supra

166 1697 306 1783 syllabas
329 1689 600 1779 superscribendis
623 1689 727 1764 fuerit,
752 1696 787 1752 ut
810 1688 841 1752 in
865 1708 960 1753 versu
989 1689 1090 1772 primo
1123 1697 1185 1754 tres
1214 1691 1301 1756 10010

166 1801 287 1887 primae
310 1795 394 1862 deute
416 1804 510 1862 notas
533 1794 676 1881 syllabae
700 1793 822 1874 tertiae,
846 1791 926 1856 duas
942 1793 1029 1857 vocis
1045 1801 1145 1874 μοῦσα
1161 1794 1302 1879 syllabae

167 1903 325 1969 secundae
349 1899 613 1987 superscripserit.
658 1897 772 1983 Itaque
802 1897 897 1960 etiam
926 1896 952 1960 01
983 1897 1014 1959 in
1047 1898 1188 1963 semibus
1217 1907 1302 1962 0010-

167 2009 288 2076 lecticis
312 2029 329 2071 0
353 2011 504 2092 quattuor
526 2004 585 2068 illis
614 2003 698 2066 notis
728 2009 793 2066 tres
823 2001 1038 2086 paenultimae
1067 2003 1300 2088 superscriptae

169 2120 284 2194 essent,
307 2110 468 2176 iudanon
492 2114 578 2172 certo
603 2105 747 2172 concludi
770 2111 878 2189 posset
902 2127 955 2170 eas
979 2105 1019 2168 ad
1044 2105 1125 2170 hano
1147 2106 1301 2190 syllabam

169 2219 270 2302 ipsam
293 2215 462 2302 pertinere.
510 2211 573 2276 Sed
597 2231 637 2274 ne
659 2223 734 2274 sunt
756 2209 883 2294 quidem
907 2211 1141 2297 superscriptae
1170 2213 1302 2296 paenul-

168 2321 273 2385 timse.
304 2319 343 2384 In
366 2340 404 2384 eo
428 2315 558 2402 quidem
574 2335 668 2379 versu
686 2313 868 2378 catalectico
888 2314 971 2378 notis
987 2313 1113 2378 musicis
1135 2313 1301 2398 instructo,

171 2445 265 2510 quem
288 2421 448 2488 Rudollus
472 2418 600 2484 Schoell
626 2417 802 2502 exscripsit,
824 2437 905 2482 1010.
930 2419 959 2498 4,
982 2439 1023 2483 ex
1043 2425 1194 2502 quattuor
1217 2420 1299 2484 notis

168 2527 209 2592 ad
232 2527 312 2590 duas
335 2523 473 2610 syllabas
496 2522 622 2587 ultimas
645 2522 877 2606 pertinentibus
900 2522 1000 2606 prima
1023 2543 1118 2607 supra
1147 2521 1301 2605 syllabam

170 2629 470 2715 antepacnultimam
486 2625 611 2710 legitur,
635 2625 725 2690 cuius
748 2625 871 2689 notaio
886 2624 1042 2709 syllabam
1056 2623 1197 2688 ultimam
1214 2623 1302 2689 vocis

169 2732 389 2820 praecedentis
418 2738 467 2795 est
490 2735 647 2815 promota,
670 2727 810 2794 secunda
832 2749 929 2813 supra
960 2727 1116 2809 syllabam
1146 2727 1303 2812 paenulti-

169 2859 262 2920 mam,
285 2838 379 2902 tertia
401 2854 497 2919 supra
513 2853 685 2898 consonam
701 2857 727 2912 r,
744 2839 857 2917 quarta
878 2853 975 2917 supra
990 2831 1132 2896 vocalem
1150 2832 1302 2913 ultimam,

170 2950 205 3008 ut
228 2942 341 3008 eodem
370 2941 440 3004 iure
472 2945 568 3022 atque
600 2936 639 3002 ad
669 2936 895 3022 paenultimam
926 2943 990 3000 tres
1022 2941 1114 3000 notas
1146 2935 1303 3021 possimus

169 3047 289 3114 referre
312 3043 352 3108 ad
375 3041 531 3128 syllabam
554 3041 705 3105 ultimam.

274 3148 395 3215 Eadem
418 3145 589 3211 101010110
614 3151 662 3210 001
690 3143 825 3208 duorum
856 3144 1047 3224 hymnorum
1077 3140 1303 3207 ahlesomede

168 3257 201 3320 in
223 3254 307 3320 Solis
330 3259 361 3318 et
384 3252 415 3315 in
438 3249 584 3314 Nemesis
600 3248 752 3313 honorem
770 3247 980 3327 conditorum,
996 3247 1085 3311 cuius
1101 3248 1301 3312 notationem

169 3359 236 3424 1010
259 3361 359 3421 totam
382 3353 521 3419 00110111
548 3349 650 3416 codex
673 3349 902 3434 Neapolitanus
924 3369 1005 3415 0000.
1028 3349 1102 3414 XV.
1127 3347 1303 3436 Compositi
1399 3385 1402 3390 -

170 3469 245 3529 sunt
268 3461 299 3524 hi
323 3460 431 3545 hymni
456 3456 598 3522 versibus
621 3454 814 3539 logaoedieis
833 3455 1015 3520 acatalectis
1037 3490 1055 3525 o
1071 3493 1089 3524 υ
1107 3491 1147 3500 -
1166 3477 1218 3525 „a
1238 3489 1274 3498 -
1298 3453 1301 3534 1

169 3583 375 3642 co-cfl
401 3570 433 3627 et
465 3560 654 3626 catalecticis
685 3591 864 3630 υυ-υυ
885 3597 922 3608 -
954 3559 1093 3641 Ιυυ-
1113 3578 1154 3636 ,11
1187 3557 1302 3622 mixtis.

168 3671 208 3736 Iu
244 3670 292 3734 hie
326 3690 366 3734 ex
404 3665 543 3731 sedecim
579 3663 724 3728 versibus
761 3663 972 3746 catalecticis,
1008 3681 1142 3747 quorum
1180 3662 1301 3727 notatio

171 3781 299 3841 servata
332 3779 396 3854 est,
429 3769 567 3856 quinque
604 3767 758 3852 praebent
791 3773 939 3832 notarum
975 3787 1143 3832 numerum
1179 3764 1302 3830 duabus

171 3881 324 3944 maiorem
349 3896 444 3962 quam
466 3872 671 3958 syllabarum.
715 3870 821 3935 Etiam
848 3870 899 3934 hic
921 3869 1093 3956 Westpbal
1123 3889 1194 3934 cum
1217 3867 1301 3934 Frid.

171 3981 415 4048 Βο11011110111101
453 3985 484 4042 01
517 3975 737 4042 Rossbachio²
774 3985 837 4039 tres
876 3982 967 4039 notas
1002 3973 1042 4038 ad
1076 3973 1302 4059 paenultimam

171 4085 327 4172 syllabam
344 4081 501 4170 pertinere
516 4085 616 4165 putat,
640 4099 712 4144 cum
727 4084 876 4142 accurata
891 4077 1101 4163 descriptione
1116 4075 1302 4162 apographi,

276 4331 285 4364 ¹
304 4329 355 4381 Die
374 4327 500 4395 Hymnen
521 4325 568 4377 des
582 4321 729 4389 Dionysius
746 4322 799 4372 und
815 4315 1303 4384 11000100100,Βο101111118101061.

275 4415 412 4468 16110011.
433 4411 558 4480 Rhythm.
579 4426 604 4478 p.
623 4407 733 4461 86-88.
