3274 4934
231 441 272 502 36
752 434 844 524 [Ἢὲ]

232 629 338 692 omnia
360 627 477 690 mutari
498 635 661 690 momento
684 626 838 709 temporis
859 625 1062 709 paraeuetioe
1084 625 1285 708 (parmense
1301 624 1368 708 Ay)

230 731 403 795 tetracolon
426 733 503 810 (orn.
527 738 561 811 γ)
587 731 713 810 ΑΒλγ).

335 833 353 897 1
377 839 432 897 14:
457 831 484 896 0
505 835 606 911 novis,
627 831 768 914 reserent
792 835 825 894 in
848 852 937 895 mure
958 837 988 894 te
1009 833 1083 894 noui
1103 839 1160 896 alc.

332 935 540 1020 (Paraoetioe
562 937 736 1000 tetracolon
759 935 800 998 ad
824 934 961 998 Brutum
982 934 1060 1004 lt).

335 1041 352 1104 l
376 1043 434 1104 33:
456 1040 542 1122 Albi,
564 1061 603 1103 ne
624 1040 732 1103 doleas
751 1041 826 1122 plus
847 1041 949 1102 nimio
977 1059 1096 1102 mmor·
1115 1046 1173 1103 ale.

333 1145 536 1224 (Paranetioe
568 1143 740 1207 tetraoolos
777 1142 856 1225 (om.
891 1164 923 1224 y>
963 1142 1005 1205 ad
1038 1144 1170 1207 Albium
1207 1143 1369 1208 Tibullum

231 1247 375 1326 (Bullnm
386 1247 420 1312 F
418 1249 451 1328 i)
461 1247 814 1310 consolaturdolentem
826 1246 914 1332 quod
923 1247 1115 1330 neglegatur
1125 1269 1146 1311 a
1157 1255 1264 1311 soorto
1275 1247 1368 1330 Fly).

339 1351 374 1416 ΙΙ
397 1355 432 1415 9:
452 1349 527 1414 n'on
546 1370 667 1434 smper
687 1350 801 1414 imbres
825 1349 960 1414 nabibus
980 1349 1124 1434 hispidos
1144 1357 1198 1414 stc.

337 1453 542 1536 (Parauetioe
564 1455 741 1518 consolatio
764 1453 806 1516 ad
817 1453 971 1538 Valgium
994 1453 1116 1518 Rulum
1133 1475 1175 1517 ue
1189 1453 1244 1517 diu
1258 1453 1367 1519 doleat

233 1556 290 1634 Fi,
312 1555 465 1640 Valgium
488 1558 686 1621 consularem
710 1559 847 1621 amioum
869 1557 1054 1621 eousolatur
1067 1558 1250 1642 parauetiee
1271 1565 1369 1622 tetra·

233 1662 320 1725 oolos
341 1661 387 1742 y).

338 1767 355 1797 ⁵
370 1762 405 1826 lI
430 1765 485 1826 ll:
509 1762 576 1827 (her
596 1785 644 1827 me
664 1765 811 1849 querellis
833 1767 998 1829 exanimos
1019 1765 1108 1828 tais?
1136 1772 1192 1828 alc.

337 1864 405 1946 (Ad
430 1865 627 1930 lleeeuatem
654 1869 839 1950 paranetioe
862 1869 1035 1932 tetracolon
1068 1893 1095 1944 τ,
1126 1868 1367 1954 Symboleutiee

233 1968 274 2034 ad
304 1969 500 2034 lleoonatem
531 1968 590 2046 Fa,
623 1971 812 2034 Paranetioe
838 1971 888 2035 vel
911 1971 1134 2037 simboleutioa
1156 1973 1196 2034 ed
1222 1971 1368 2037 Mesena·

232 2080 297 2137 tem
321 2073 361 2155 y).

342 2175 412 2240 1111
438 2178 495 2242 12:
517 2177 590 2242 lom
612 2181 695 2242 reris
719 2181 854 2260 omnies,
876 2199 955 2264 quoe
976 2200 1066 2243 more
1087 2185 1262 2263 irruperant
1284 2189 1335 2246 eta

339 2278 448 2362 (Veris
464 2280 635 2365 descriptio
659 2291 709 2346 est
730 2281 771 2345 ad
788 2282 958 2366 Virgilium
982 2283 1068 2367 quod
1092 2291 1218 2366 tempus
1240 2286 1270 2348 in
1288 2285 1367 2367 (om.

231 2385 263 2464 λ)
291 2383 480 2447 mortalibus
512 2391 561 2448 est
589 2385 643 2464 (sit
675 2388 716 2464 B)
748 2387 965 2468 gratissimum
992 2388 1193 2472 paraenetioe
1216 2389 1368 2474 (paraen-

231 2487 294 2554 tioe
317 2489 355 2564 B,
378 2489 561 2570 paranotioe
583 2487 636 2570 λγ)
662 2489 832 2553 tetracolon
858 2488 986 2574 ABly).

338 2588 355 2652 Ι
382 2593 436 2653 ll:
464 2589 562 2655 Velox
584 2611 746 2656 antoanam
770 2613 862 2677 saepe
884 2592 1072 2658 Ισσσνσίἰῖσηι
1095 2601 1151 2659 ete.

341 2693 544 2772 (Parauetioe
583 2693 762 2778 [Tindaridi
802 2697 876 2761 add.
909 2698 940 2780 y]
977 2699 1047 2784 agri
1085 2699 1195 2762 Sabini
1229 2701 1299 2766 laus
1334 2710 1366 2767 et

233 2798 350 2861 montis
374 2797 542 2863 Lueretilis
568 2797 662 2883 Fly).

340 2901 393 2964 III
418 2905 475 2966 17:
498 2903 570 2966 Aeli
589 2910 707 2968 adusto
729 2904 842 2984 nobilis
866 2905 904 2969 ab
926 2905 1029 2970 Lemo
1054 2912 1108 2970 etc.

340 3003 544 3086 (Parauetioe
569 3007 663 3072 Aelio
687 3007 816 3072 Lamiae
840 3009 965 3088 (Lamio
989 3008 1053 3093 Fr)
1077 3009 1170 3092 Fty).

340 3105 420 3172 *ΙΙΙ
443 3112 499 3173 28:
521 3109 616 3175 Festo
638 3112 715 3197 quid
730 3113 840 3196 potius
863 3113 913 3177 die
935 3121 991 3178 etc.

339 3211 407 3289 (Ad
423 3211 535 3297 Lyden
558 3216 761 3296 paraenetiee
776 3213 976 3300 (parauetiee
989 3217 1056 3299 Ay)
1073 3217 1115 3282 de
1129 3217 1365 3303 Neptunalibus

236 3317 325 3396 Any,
349 3314 551 3400 syllogistice
574 3315 684 3401 Lydae
710 3319 827 3402 (Lydio
849 3320 883 3402 λ)
906 3319 980 3403 Fr).

341 3417 399 3482 *ΙΙ
423 3422 479 3483 2οε
500 3418 575 3485 Non
596 3422 718 3485 usitato
740 3441 795 3486 nec
817 3426 903 3488 team
923 3425 1019 3506 feror
1041 3432 1096 3490 etc.

340 3519 547 3606 (Paranetioe
577 3546 612 3589 se
639 3526 841 3591 inmortalem
870 3527 1012 3592 futurum
1035 3530 1121 3593 etin
1145 3530 1270 3614 oignum
1294 3551 1367 3595 eou-

232 3627 418 3690 vertendum
442 3631 487 3692 ait
509 3627 568 3710 Fr,
602 3629 655 3693 Ad
676 3630 874 3696 Menenatem
898 3633 1071 3717 allegoriae
1092 3634 1263 3699 tetracolon
1285 3635 1367 3715 (rell.

234 3750 295 3794 orn.
320 3729 350 3808 τ)
374 3731 423 3794 vel
446 3733 629 3815 parauetioe
652 3733 711 3798 sibi
734 3735 796 3818 yr).

334 3831 385 3896 Ill
412 3837 466 3897 14:
490 3833 642 3900 Herculia
664 3838 731 3902 ritu
754 3839 843 3902 modo
863 3840 976 3923 dutus,
1000 3861 1018 3904 o
1036 3841 1122 3926 plebs
1144 3848 1200 3908 etc.

336 3931 540 4016 (Paranetioe
564 3938 686 4002 nivibus
708 3939 739 4004 in
765 3941 946 4027 Augustum
963 3940 1045 4026 (rell.
1073 3964 1135 4008 om.
1158 3943 1190 4026 y)
1215 3944 1368 4009 victorem

233 4057 274 4102 ex
299 4037 455 4121 Hispania
478 4039 664 4106 redeuutem
688 4040 784 4126 my).

218 4139 224 4146 '
336 4139 389 4203 111
412 4144 469 4204 21:
495 4141 618 4208 Onoto
641 4165 760 4210 mecum
783 4149 907 4212 consule
928 4147 1055 4212 Manlio
1077 4155 1132 4214 eto.

334 4241 541 4325 (Paranetioe
563 4245 604 4309 ad
627 4248 811 4334 amphoram
836 4250 929 4332 Fly).

333 4342 424 4410 *1111
453 4351 505 4412 13:
527 4349 694 4435 Audivere,
717 4351 811 4438 Ipse,
834 4355 869 4418 di
890 4375 959 4419 mea
981 4362 1062 4436 vota,
1087 4357 1122 4420 di
1143 4365 1196 4422 eto.
