3248 4928
281 362 322 421 or
615 431 630 444 ,
717 396 758 405 -
806 360 892 441 [ros]
939 397 981 404 -

286 547 369 613 Hine
391 547 567 612 Eudooiam
596 555 731 632 apparet
758 557 791 615 et
812 547 1010 614 contraxisse
1032 545 1207 631 pleniorem
1228 543 1368 609 iudieem
1389 548 1423 607 et

282 669 431 716 numeros
445 651 551 736 ipsam
566 651 754 718 adiecisse«
798 653 948 718 Getarum
969 649 1056 716 idem
1078 649 1129 714 vir
1150 647 1264 714 doetus
1284 647 1318 712 in
1340 645 1416 710 adu.

287 758 348 818 119
371 761 456 820 reete
479 753 520 820 de
542 755 861 840 interpolationibus,
890 755 1007 839 quibus
1029 751 1196 818 violarium
1218 749 1418 833 inquinatum

284 877 358 924 esse
380 858 480 924 Flselr
504 867 631 940 oeuset,
662 879 765 942 aeque
792 866 890 943 atque
911 877 971 924 uos
992 842 1131 938 iudicat,
1161 873 1355 937 quamquam
1378 852 1418 916 de

283 960 456 1045 integriore
484 961 606 1028 Suidae
635 963 739 1030 lexieo
766 963 808 1028 ab
836 962 981 1028 Eudoeia
1010 960 1170 1044 exsoripto
1198 957 1253 1024 vix
1281 956 1420 1023 debebat

286 1064 439 1148 negitare.

370 1166 489 1234 Omitto
504 1167 624 1234 similis
637 1167 798 1252 quaedam
817 1168 985 1235 aPlaehio
999 1188 1032 1252 p.
1051 1171 1090 1231 74
1106 1185 1154 1250 sq.
1179 1164 1305 1250 prolata
1325 1163 1419 1228 item-

284 1289 347 1354 que
374 1291 458 1356 quae
486 1269 528 1336 de
549 1271 694 1338 Platonis
715 1271 853 1339 Selroliis
882 1272 1013 1358 exponit
1035 1293 1066 1357 p.
1091 1272 1131 1335 87
1144 1289 1192 1354 sq.
1240 1269 1290 1334 De
1311 1265 1419 1332 eodiee

287 1374 432 1442 Parisino
455 1379 539 1440 2600
562 1394 660 1460 snpra
686 1377 729 1462 (p.
747 1379 798 1460 54)
826 1376 905 1442 dixi.
952 1375 1062 1444 (lodex
1084 1375 1157 1440 Par.
1183 1371 1349 1457 Supplem.
1362 1373 1414 1450 96,

287 1499 383 1561 quem
412 1478 446 1544 in
475 1499 589 1544 eomm.
620 1479 662 1545 de
684 1479 805 1546 Suidae
834 1481 898 1546 lex.
923 1501 955 1566 p.
981 1479 1124 1545 XXXIV
1145 1473 1334 1559 Bernhardy
1362 1495 1420 1540 ex-

286 1589 397 1668 eerpts
424 1603 443 1648 e
466 1581 588 1674 Suidae
612 1583 732 1667 glossis
760 1583 804 1649 ad
832 1582 999 1650 historiam
1025 1582 1203 1648 litterarum
1225 1579 1418 1645 Graeearum

286 1686 505 1772 spectantibus
534 1685 704 1771 eompleeti
733 1695 858 1768 narrat,
894 1688 936 1753 ab
965 1685 1109 1752 Eudooia
1140 1683 1320 1768 descriptus
1347 1701 1419 1747 esse

285 1789 406 1872 nequit,
438 1789 524 1872 quod
547 1811 619 1856 eam
641 1811 713 1856 eum
736 1790 839 1856 Suida
860 1790 978 1856 Aldiuo
1000 1789 1139 1854 maxime
1160 1787 1343 1872 eonspirare
1365 1803 1420 1850 eo-

287 1893 467 1976 gnovimus,
493 1893 550 1960 ille
571 1901 680 1960 autem
703 1895 785 1960 liber
806 1893 993 1960 Emanuelis
1015 1892 1229 1976 Chrysolorae
1252 1909 1348 1954 mauu
1370 1887 1419 1952 vi-

285 1995 378 2062 detur
399 2003 551 2063 exaratus
573 2017 658 2063 esse.
704 1997 923 2080 Quamquam,
949 2003 985 2062 ut
1006 2015 1104 2082 supra
1125 1993 1275 2080 exposui,
1301 1989 1419 2058 similia

285 2119 304 2165 e
333 2099 436 2165 Suids
463 2099 582 2166 Aldine
612 2108 764 2186 exeerpta
791 2102 833 2167 ab
860 2102 933 2186 ipsa
962 2099 1204 2166 Pseudeudoeia
1238 2101 1304 2182 (aut
1324 2095 1419 2181 paulo

285 2211 360 2268 aute
374 2202 458 2268 haue
471 2223 492 2268 a
507 2204 715 2286 grammatias
734 2205 843 2270 neseio
858 2207 930 2290 quo)
959 2203 1103 2270 confecta
1117 2200 1336 2287 biographieis
1349 2198 1419 2262 rio-

284 2305 358 2370 larii
381 2305 540 2390 ea'pitibus
561 2307 716 2390 originem
739 2307 887 2372 videntur
908 2305 1047 2374 dedisse.

371 2512 389 2596 §
405 2515 437 2577 i.
477 2511 590 2596 Neque
612 2513 680 2580 fere
699 2514 895 2597 antiquiores
911 2521 985 2580 sunt
1000 2515 1083 2594 libri,
1109 2533 1190 2597 quos
1204 2518 1373 2597 praeterea
1386 2511 1420 2576 iu

286 2615 361 2682 vitis
383 2615 540 2701 expilavit
561 2616 726 2684 falsarius.
773 2617 822 2684 De
844 2618 1001 2700 Nonno,
1027 2617 1068 2684 de
1091 2617 1323 2682 Phavoriuo
1345 2614 1420 2680 aliis

285 2719 319 2784 in
334 2719 551 2804 superioribus
566 2721 711 2806 exposui,
734 2721 854 2786 Plotini
868 2721 967 2788 vitam
984 2742 1015 2806 p.
1035 2723 1097 2786 363
1113 2739 1184 2786 eum
1200 2739 1219 2786 e
1233 2717 1420 2784 PORPHY-

286 2821 359 2887 RIO
381 2821 516 2903 habeat,
542 2823 611 2890 eius
634 2823 777 2891 eodieem
799 2845 897 2890 mauu
919 2824 1071 2910 seriptum
1093 2823 1238 2890 Eudoeia
1259 2821 1421 2888 evolvisse

285 2925 429 3010 putanda
447 2933 506 2992 est.
546 2926 695 2993 Ceterum
711 2928 766 3011 qui
781 2948 852 2994 eam
868 2927 966 2993 vitam
982 2947 1053 2993 eum
1069 2927 1177 2994 oodiee
1192 2925 1339 2992 Parisino
1354 2925 1421 2990 Eu-

286 3029 398 3098 doeiae
420 3031 617 3113 comparavit
637 3032 675 3096 Ε.
702 3031 822 3098 Selreer
848 3031 899 3114 (ef.
925 3030 1043 3098 Plotini
1064 3029 1236 3097 editionem
1258 3027 1415 3110 Muelleri)

286 3151 383 3197 unum
410 3153 429 3198 e
460 3132 569 3200 eodiee
591 3134 729 3200 restituit
749 3131 799 3214 κς’
824 3153 881 3220 pro
905 3133 1084 3200 Villoisonii
1106 3132 1222 3200 mendo
1244 3129 1307 3212 κζ.
1353 3131 1420 3196 De-

285 3235 383 3302 bebat
403 3243 511 3304 autem
530 3256 777 3304 oommemorare
793 3230 1080 3320 ἇττοοτοματίσας,
1107 3257 1169 3302 nou
1184 3230 1420 3318 ἇποστομίοας

202 3324 206 3342 ’
286 3337 331 3404 ibi
354 3339 421 3422 legi
443 3347 476 3406 et
498 3337 770 3426 ἐπιφανέστατος
792 3348 825 3408 et
845 3340 929 3406 infra
944 3341 1163 3417 τελευτῶντος
1178 3340 1212 3406 in
1227 3339 1348 3405 rasuris
1362 3357 1420 3404 ex-

286 3449 355 3506 tare
376 3441 518 3525 itemque
541 3465 603 3510 ουν
623 3443 892 3530 praepositionem
914 3443 1001 3509 vonis
1017 3439 1217 3530 συγγράψας
1239 3450 1272 3510 et
1285 3443 1318 3508 in
1333 3461 1419 3507 mar-

287 3545 362 3628 gine
384 3545 450 3630 legi
472 3547 572 3612 verba
599 3547 655 3612 καὶ
679 3543 839 3632 καθαρὰν
860 3543 921 3633 τὴν
943 3544 1057 3633 ψυχὴν
1079 3545 1201 3628 ἔχοντι.
1249 3548 1421 3614 Praeterea

286 3649 345 3714 sub
373 3647 468 3716 finem
498 3643 539 3716 οὐ
566 3647 630 3736 γὰρ
661 3651 740 3737 περὶ
770 3650 849 3735 περὶ
875 3649 940 3735 (sie)
968 3656 1029 3716 τοῦ
1056 3644 1160 3716 αὐτοῦ
1182 3673 1212 3714 κ.
1238 3673 1268 3714 τ.
1294 3651 1325 3713 λ.
1371 3649 1420 3714 Es

286 3751 372 3816 enim
402 3751 444 3818 de
473 3771 573 3818 eausa
599 3773 731 3820 rasurae
758 3754 838 3819 illae
866 3753 972 3820 sacae
999 3759 1088 3836 sunt,
1125 3752 1210 3836 quod
1238 3753 1281 3820 ab
1308 3751 1420 3820 ordine

287 3855 511 3936 membrorum,
537 3855 592 3938 qui
613 3863 664 3922 est
684 3855 772 3942 apud
794 3855 1023 3942 Porphyrium,
1050 3875 1145 3938 quam
1168 3856 1310 3922 maxime
1332 3875 1420 3922 reee-

286 3955 334 4022 dit
356 3957 517 4038 Eudoeia;
544 3958 656 4025 eadem
681 3979 777 4024 uuum
801 3957 1073 4044 ἐπιφανέστατος
1095 3958 1136 4024 de
1158 3979 1217 4026 suo
1238 3960 1341 4026 addit.

373 4061 461 4127 Duos
489 4061 614 4128 violarii
640 4061 726 4128 locos
748 4061 939 4147 profluxisse
960 4081 979 4128 e
1000 4061 1246 4130 THEOPHlllO
1268 4061 1421 4128 ANTIO-

288 4163 433 4229 cHsNO
455 4164 486 4228 ll
510 4167 529 4228 6
552 4171 585 4230 et
607 4168 625 4227 7
655 4164 756 4230 Flaeh
786 4166 951 4250 perspexit
971 4187 1003 4250 p.
1029 4169 1081 4230 25.
1129 4167 1178 4232 lix
1198 4165 1274 4230 116
1304 4165 1421 4252 depre-

287 4265 437 4332 henditur
452 4289 484 4350 p.
503 4270 543 4330 49
560 4269 639 4352 περὶ
656 4261 907 4334 Ἀπολλωνίδου
922 4275 1029 4353 eaput.
1057 4269 1070 4356 ΙΙ
1096 4271 1179 4334 'lum
1194 4290 1226 4355 p.
1244 4273 1306 4336 366
1322 4271 1423 4336 verba
