3274 4934
304 416 345 476 aa
739 447 780 458 -
829 411 913 494 [εει]
960 445 1002 458 -
1116 479 1118 494 ,

302 609 388 668 esset
409 607 441 666 et
463 600 632 684 genetivus
654 599 799 666 feminini
824 599 1027 682 substantivi,
1053 598 1139 682 quod
1154 605 1204 664 est
1226 591 1244 684 ἡ
1261 595 1371 682 χερός,
1398 616 1444 662 au

302 702 606 790 προπαροξύτονον
628 711 660 769 et
681 703 885 769 accusativus
906 702 1051 768 neutrius
1067 700 1152 786 quod
1167 707 1217 767 est
1230 697 1268 766 τὸ
1284 698 1441 785 χέραδος.

301 809 405 891 Atque
427 806 632 873 Aristarchus
661 805 791 889 quidem
813 805 915 871 voluit
936 802 1094 892 χεράδος,
1128 824 1191 870 non
1221 823 1315 871 secus
1342 811 1442 886 atque

301 912 364 976 iam
388 915 483 975 autea
505 909 705 994 Apollonius,
733 907 788 991 qui
810 907 1198 992 inArgouauticis1423
1222 907 1351 991 scripsit
1372 909 1444 987 βω-

300 1009 366 1094 μὸν
392 1009 535 1097 χεράδος
562 1008 774 1097 περινήνεον.
822 1012 944 1076 Tamen
973 1009 1111 1077 editores
1141 1009 1272 1076 Homeri
1300 1032 1442 1094 προπα-

300 1113 484 1200 ροξότονον
512 1114 672 1182 retinuere
700 1113 861 1198 χέραδος,
893 1113 978 1198 quod
1008 1112 1250 1180 commendatur
1278 1113 1443 1180 adiectivo

300 1217 410 1284 addito
425 1221 558 1302 μυρίον,
584 1216 703 1302 quippe
726 1216 812 1300 quod
834 1237 899 1282 uon
922 1215 1017 1283 facile
1040 1215 1118 1282 addi
1140 1216 1280 1301 potuerit
1302 1217 1345 1282 ad
1365 1209 1444 1292 ἅλις

299 1317 451 1404 χιράδος.
509 1319 620 1402 Magni
650 1339 724 1386 vero
754 1319 906 1385 momenti
935 1319 1018 1385 illud
1048 1327 1115 1403 est,
1153 1319 1237 1402 quod
1266 1319 1442 1385 scholiasta

300 1421 432 1488 Homeri
454 1422 626 1508 praecipit:
653 1419 690 1488 τὸ
715 1421 859 1508 χέραδος
875 1417 1053 1508 οὐδέτερον
1068 1419 1381 1510 προπαροξυτόνως
1397 1413 1445 1498 ὡς

300 1524 454 1600 κίναδος·
489 1525 544 1590 καὶ
567 1525 792 1610 Πίνδαρος
820 1523 856 1589 δέ
886 1523 947 1612 τὴν
973 1524 1108 1612 δοτικὴν
1131 1524 1283 1613 ἐξήνεγκε
1311 1521 1441 1610 χερά-

300 1627 319 1692 δ
328 1651 363 1692 ει
385 1620 429 1703 ὡς
444 1633 593 1711 μεχίδει,
621 1648 756 1711 quocum
772 1629 1028 1712 Etymologicum
1044 1630 1197 1714 Magnum
1213 1631 1287 1693 808.
1307 1630 1346 1692 32
1363 1647 1442 1693 cou-

300 1730 396 1796 seutit
423 1737 455 1796 et
476 1731 678 1813 Eustathius,
713 1731 767 1815 qui
793 1733 874 1796 1238
905 1752 946 1798 ex
973 1733 1171 1817 Pythiouicis
1201 1731 1295 1798 affert
1323 1727 1445 1814 χεράδι

300 1831 474 1919 παμφόρφ
505 1833 664 1917 simulque
694 1831 830 1918 χεράδει
858 1835 924 1918 legi
955 1855 1050 1920 posse
1072 1835 1174 1902 addit.
1221 1833 1311 1914 Quae
1333 1833 1444 1898 omnia

300 1957 370 2002 oum
394 1936 510 2002 afferat
532 1937 691 2020 Bergkius
713 1936 747 2001 iu
770 1937 978 2004 adnotatione
1001 1938 1044 2004 ad
1065 1939 1157 2004 illum
1180 1937 1311 2003 Pindari
1333 1937 1441 2002 locum

298 2038 428 2120 addita,
460 2039 638 2105 rectissime
661 2047 771 2105 censet
792 2037 911 2125 χεράδι
933 2040 968 2106 in
990 2040 1165 2106 Pindarum
1187 2039 1343 2106 intrusum
1365 2059 1446 2104 esse

299 2143 340 2208 ab
362 2142 547 2208 Aristarcho
570 2142 622 2208 vel
645 2143 686 2208 ab
709 2141 774 2208 alio
790 2142 1019 2225 Alexandrino,
1046 2143 1099 2226 qui
1122 2143 1155 2208 iu
1177 2143 1316 2209 Homero
1338 2139 1439 2227 χερά-

298 2245 356 2321 δος
389 2245 586 2328 aguovisset.
640 2245 746 2328 Atque
776 2246 946 2329 genetivus
977 2245 1169 2312 substantivi
1197 2244 1340 2330 χέραδος
1371 2263 1445 2310 ser-

298 2355 391 2412 vatus
413 2355 471 2422 est,
484 2346 518 2412 iu
540 2347 659 2412 tabulis
682 2347 950 2416 Heracleensibus
969 2349 984 2414 Ι
1003 2351 1042 2410 12
1065 2346 1241 2434 χαρὰδεος.
1289 2346 1445 2414 Redden-

299 2449 373 2515 dum
397 2449 494 2533 igitur
518 2457 567 2515 est
589 2450 728 2516 Piudaro

695 2552 871 2638 παμφόρῳ
894 2551 1040 2638 χεράδει.

385 2676 415 2754 [5]
441 2671 471 2736 P
493 2673 558 2736 XII
582 2677 612 2736 3Ι
661 2673 1243 2720 -.ὐυ..υυ-...ὐ-...ὐξί

441 2781 547 2851 ναίεις
571 2770 796 2860 Ἀκράγαντος
820 2773 987 2858 ἐόόματον
1009 2773 1170 2858 κολώναν,
1197 2763 1322 2854 ridicu,

297 2895 342 2960 ita
365 2894 462 2979 vulgo
485 2895 606 2978 editur,
640 2915 834 2979 quamquam
859 2895 984 2962 codices
1008 2895 1120 2977 PQR,
1153 2915 1285 2979 quorum
1314 2897 1349 2961 iu
1380 2897 1449 2963 hoc

298 2998 438 3064 maxime
460 2997 601 3063 carmine
623 2999 822 3082 praestantia
844 3018 939 3064 versu
963 3003 980 3062 7
1006 2999 1178 3084 conspicua
1203 3007 1270 3080 est,
1305 2999 1360 3066 ubi
1392 3000 1446 3066 illi

297 3102 357 3168 soli
380 3121 420 3167 ex
443 3101 607 3167 codicibus
630 3101 770 3186 antiquis
787 3109 918 3168 servant
931 3121 1041 3168 vocem
1057 3099 1246 3188 Γοργόνων,
1273 3122 1368 3185 quum
1390 3123 1446 3168 re-

297 3205 375 3288 liqui
399 3205 565 3288 omittunt,
598 3207 754 3290 praebent
776 3193 802 3267 ὦ
825 3199 927 3282 inat:
962 3213 995 3296 et
1016 3206 1166 3290 exempla
1187 3205 1324 3288 adsunt,
1354 3226 1448 3290 quae

297 3307 516 3372 demonstrent
537 3307 712 3374 Pindarum
735 3307 916 3373 vocativum
939 3306 1032 3374 modo
1056 3304 1142 3387 ἅναξ
1163 3307 1256 3374 modo
1280 3303 1346 3372 ἄνα
1374 3309 1449 3374 for—

296 3429 412 3476 masse.
455 3403 541 3488 ἄναξ
563 3410 729 3476 vocativus
753 3410 872 3495 legitur
894 3409 927 3476 in
950 3409 1013 3476 fine
1035 3431 1148 3477 versus
1172 3411 1300 3476 NX77

385 3580 391 3592 .
415 3581 420 3592 .
445 3581 450 3592 .
473 3579 479 3592 .
506 3531 563 3594 καὶ
587 3528 660 3612 ἐμοὶ
684 3528 840 3596 θάνατον
862 3527 924 3596 σὺν
946 3525 1026 3616 τῷδ’
1052 3529 1231 3614 ἐπίτειλον,
1259 3525 1356 3611 ἅναξ,

297 3641 323 3714 ὦ
347 3645 411 3716 όνα
434 3652 467 3716 in
491 3649 596 3716 medio
620 3671 714 3717 versu
738 3649 767 3716 P
789 3651 838 3716 IX
861 3655 901 3716 44

453 3872 627 3960 ἐξερωτᾷς,
655 3863 681 3937 ὦ
704 3869 789 3953 rium
814 3873 931 3960 κύριον
954 3871 990 3950 ὃς
1014 3871 1154 3938 πάντων
1176 3875 1271 3950 τέλος

296 3978 381 4044 idem
405 3977 475 4043 sine
499 3965 525 4041 ὦ
545 3978 704 4062 particula
726 3976 752 4045 0
775 3977 857 4043 XIII
882 3982 941 4040 114

450 4117 500 4145 w
515 4121 541 4151 r,
558 4101 580 4145 .'
596 4119 619 4144 υ
637 4135 659 4144 ..
677 4135 699 4144 -
717 4099 738 4144 .'
756 4118 781 4145 υ
795 4097 820 4126 υ

452 4194 527 4282 όνα,
555 4199 736 4287 κούφοισιν
759 4198 913 4266 ἐκνεῦσαι
937 4203 1050 4276 ποσίν,

297 4303 454 4386 siquidem
478 4303 642 4368 Boeckhio
666 4303 806 4370 feliciter
828 4303 925 4368 cessit
947 4302 1140 4369 coniectura.
