3274 4934
607 437 650 446 -
697 401 781 483 [201]
829 329 870 448 ξ
1267 409 1307 468 ss

169 609 237 655 rem
259 587 419 672 publicam
443 587 544 654 fuisse
568 589 665 655 etiam
687 589 762 656 inde
784 590 858 657 seiri
881 597 1016 676 poterat,
1042 591 1128 673 quod
1144 591 1228 658 inter
1243 615 1308 657 πο-

169 693 295 768 λιτείας
310 691 520 758 Aristoteleas
535 699 632 777 eaput
653 701 723 759 erat
745 695 825 779 περὶ
847 700 905 781 τῆς
922 698 1110 760 Βοττιαίων
1132 696 1307 773 πολιτείας

175 796 267 878 (Plut.
287 795 385 861 Thes.
409 797 472 874 16),
498 795 648 878 idemque
671 798 792 862 nummi
815 797 960 882 probant,
986 797 1302 882 ethenheim,

168 899 224 984 qui
238 899 302 964 tria
316 899 509 964 numismata
524 891 784 966 affert‘variante
798 899 1021 986 inscriptione:
1041 900 1303 982 ΒΟΤΤΑΙΩΝ,

169 1003 455 1080 ΒΟΤΤΙΑΙΩΝ,
484 1002 794 1070 ΒΟΤΤΕΑΤΩΝ.
842 1003 1009 1069 Botteatne
1038 1022 1113 1068 vero
1142 1002 1177 1067 in
1199 1003 1308 1068 Maee-

168 1105 266 1172 donia
280 1106 352 1190 ipsa
367 1105 555 1172 habitabant
568 1125 673 1188 neque
687 1107 750 1172 bue
765 1106 925 1192 pertinent
945 1105 995 1188 (es.
1015 1105 1134 1184 Leahe,
1154 1105 1302 1170 numism.

170 1211 299 1278 Hellen.
330 1212 438 1295 Europ
481 1230 513 1294 p.
547 1211 599 1274 29.
654 1209 819 1295 Supplem.
852 1211 970 1295 Europ.
1004 1231 1036 1294 p.
1072 1211 1156 1292 118).
1212 1207 1307 1293 Apud

170 1315 283 1401 Steph.
309 1315 388 1399 Byz.
415 1333 441 1380 s.
467 1335 508 1408 v.x
529 1317 655 1378 Νίκαια
684 1314 817 1399 legitur:
854 1310 956 1387 πόλις
989 1314 1169 1388 Βιθυνίας,
1203 1315 1308 1375 Βοι-

171 1425 319 1486 τιαίιον
338 1414 535 1494 ἄποικος·
563 1415 713 1482 ἐκαλεῖτο
730 1416 766 1483 δὲ
782 1414 951 1503 πρότερον
966 1409 1124 1502 Ἀγκώρη,
1144 1409 1217 1481 εἶτα
1233 1409 1308 1480 Ἀν-

170 1521 329 1610 τινόνεια,
361 1516 562 1608 ὕστερονδὲ
590 1514 659 1586 ἀπὸ
684 1527 741 1608 τῆς
763 1517 970 1602 Λυσιμάχου
998 1516 1156 1604 γυναικὸς
1183 1523 1308 1582 Νίκαια

170 1625 365 1714 reserabitis.
384 1625 447 1692 Ubi
459 1626 595 1692 fortasse
606 1625 796 1691 Botisbnses
811 1623 918 1708 potins
932 1621 1143 1706 intellegendi
1159 1629 1243 1702 sunt,
1263 1620 1304 1686 ef.

170 1731 215 1796 id.
235 1751 261 1797 s.
275 1727 463 1796 Βοτιάειον
490 1726 590 1805 πόλις
608 1731 773 1813 Φρυγίας(
788 1726 912 1808 ἔχουσα
932 1727 1053 1811 λίμνην
1074 1719 1233 1789 Ἅνταιαν
1255 1725 1308 1788 λε-

170 1840 325 1922 γομένην,
346 1838 540 1919 τρέφουσαν
563 1826 658 1908 ἅλας.
685 1829 722 1896 τὸ
747 1827 886 1896 ἐθνικὸν
901 1823 1073 1904 Βοτιαεύς.
1095 1865 1136 1875 -
1158 1827 1305 1893 Ceterum

171 1938 333 2022 Olynthus
362 1957 465 2020 usque
492 1936 536 2002 ad
563 1955 682 2000 annum
716 1938 779 1999 479
810 1933 1025 2000 Bottiaeorum
1054 1930 1117 1996 fuit
1137 1937 1218 1996 teste
1241 1929 1308 1995 He-

170 2040 237 2106 rod.
264 2041 342 2106 VIII
375 2044 445 2104 127.
478 2077 520 2087 -
554 2038 634 2105 Cum
667 2058 743 2105 vero
771 2037 807 2103 C.
833 2037 859 2101 I.
885 2038 924 2101 A.
951 2036 966 2100 Ι
989 2039 1051 2100 226
1081 2033 1307 2118 Meeypernaei

171 2165 234 2210 una
257 2163 329 2211 eum
352 2143 461 2208 Stoliis
482 2142 636 2208 tributum
657 2141 794 2222 solvant,
821 2146 957 2226 apparet
977 2138 1075 2204 etiam
1092 2137 1306 2222 Meeypemen

170 2249 281 2314 urbem
297 2247 453 2313 Bottieam
469 2245 581 2311 fuisse:
610 2245 669 2311 sed
691 2243 788 2310 etiarn
810 2241 846 2308 hi
867 2245 929 2306 234
945 2242 1036 2307 iuxta
1050 2241 1212 2306 Bottiaeos
1227 2258 1307 2305 enu-

170 2357 344 2416 merantur.
370 2387 413 2397 —
435 2349 581 2432 Denique
611 2353 645 2413 ut
675 2347 905 2426 Bottiaeorum,
942 2345 988 2410 ita
1020 2344 1155 2409 aliarum
1181 2361 1306 2425 quoque

171 2453 335 2520 civitatum
358 2459 490 2518 senatus
512 2451 761 2518 Atheniensibus
791 2447 998 2515 iureiuranda
1027 2446 1104 2513 dare
1138 2452 1307 2512 consenta-

170 2577 266 2623 neum
289 2564 355 2623 est:
386 2555 427 2621 ei.
454 2555 556 2621 Thuu.
580 2555 609 2618 V
631 2559 671 2618 47
695 2554 736 2620 de
758 2551 1025 2619 Mantineensium
1048 2557 1081 2616 et
1101 2547 1302 2632 Argivorum,

171 2659 323 2725 Μιλίίιιίί.
349 2659 381 2724 II
404 2661 466 2722 212
490 2658 530 2725 de
553 2656 782 2724 Eretriensium
804 2661 930 2722 senatu.
