<?xml version="1.0" encoding="UTF-8"?>
<!DOCTYPE html PUBLIC "-//W3C//DTD XHTML 1.0 Transitional//EN"
    "http://www.w3.org/TR/xhtml1/DTD/xhtml1-transitional.dtd">
<html xmlns="http://www.w3.org/1999/xhtml" xml:lang="en" lang="en">
 <head>
  <title>
</title>
<meta http-equiv="Content-Type" content="text/html;charset=utf-8" />
  <meta name='ocr-system' content='tesseract 3.04.00' />
  <meta name='ocr-capabilities' content='ocr_page ocr_carea ocr_par ocr_line ocrx_word'/>
</head>
<body>
  <div class='ocr_page' id='page_1' title='image "./dissertationesp02stragoog_0653.png"; bbox 0 0 3248 4928; ppageno 0'>
   <div class='ocr_carea' id='block_1_1' title="bbox 301 403 996 488">
    <p class='ocr_par' dir='ltr' id='par_1_1' title="bbox 301 403 996 488">
     <span class='ocr_line' id='line_1_1' title="bbox 301 403 996 488; baseline 0.004 -23"><span class='ocrx_word' id='word_1_1' title='bbox 301 403 342 466; x_wconf 80' lang='grc' dir='ltr'><strong>1ο</strong></span> <span class='ocrx_word' id='word_1_2' title='bbox 733 441 776 450; x_wconf 78' lang='lat'><em>-</em></span> <span class='ocrx_word' id='word_1_3' title='bbox 823 405 908 488; x_wconf 77' lang='lat' dir='ltr'><strong>[aas]</strong></span> <span class='ocrx_word' id='word_1_4' title='bbox 954 440 996 450; x_wconf 89' lang='lat'><em>-</em></span> 
     </span>
    </p>
   </div>
   <div class='ocr_carea' id='block_1_2' title="bbox 268 590 1440 4398">
    <p class='ocr_par' dir='ltr' id='par_1_2' title="bbox 268 590 1440 4398">
     <span class='ocr_line' id='line_1_2' title="bbox 300 590 1436 677; baseline -0.004 -21"><span class='ocrx_word' id='word_1_5' title='bbox 300 597 375 656; x_wconf 89' lang='lat' dir='ltr'><strong>sunt</strong></span> <span class='ocrx_word' id='word_1_6' title='bbox 389 591 430 656; x_wconf 89' lang='lat' dir='ltr'><strong>ab</strong></span> <span class='ocrx_word' id='word_1_7' title='bbox 445 591 529 674; x_wconf 86' lang='lat' dir='ltr'><strong>Aug.</strong></span> <span class='ocrx_word' id='word_1_8' title='bbox 548 591 633 658; x_wconf 89' lang='lat' dir='ltr'><strong>Maio</strong></span> <span class='ocrx_word' id='word_1_9' title='bbox 649 593 671 657; x_wconf 94' lang='grc'><strong>1.</strong></span> <span class='ocrx_word' id='word_1_10' title='bbox 691 593 713 656; x_wconf 95' lang='grc'><strong>1.</strong></span> <span class='ocrx_word' id='word_1_11' title='bbox 732 614 765 677; x_wconf 91' lang='lat' dir='ltr'><strong>p.</strong></span> <span class='ocrx_word' id='word_1_12' title='bbox 785 595 846 656; x_wconf 86' lang='grc'><strong>374</strong></span> <span class='ocrx_word' id='word_1_13' title='bbox 860 613 907 677; x_wconf 92' lang='lat' dir='ltr'><strong>sq.</strong></span> <span class='ocrx_word' id='word_1_14' title='bbox 927 598 958 658; x_wconf 91' lang='lat' dir='ltr'><strong>et</strong></span> <span class='ocrx_word' id='word_1_15' title='bbox 974 613 994 658; x_wconf 86' lang='lat' dir='ltr'><strong>a</strong></span> <span class='ocrx_word' id='word_1_16' title='bbox 1008 591 1130 675; x_wconf 86' lang='lat' dir='ltr'><strong>llignio</strong></span> <span class='ocrx_word' id='word_1_17' title='bbox 1145 590 1208 656; x_wconf 93' lang='lat' dir='ltr'><strong>vol.</strong></span> <span class='ocrx_word' id='word_1_18' title='bbox 1229 592 1269 654; x_wconf 81' lang='grc'><strong>36</strong></span> <span class='ocrx_word' id='word_1_19' title='bbox 1285 613 1318 676; x_wconf 88' lang='lat' dir='ltr'><strong>p.</strong></span> <span class='ocrx_word' id='word_1_20' title='bbox 1337 594 1436 654; x_wconf 82' lang='lat'>1057.</span> 
     </span>
     <span class='ocr_line' id='line_1_3' title="bbox 300 692 1440 780; baseline -0.001 -21"><span class='ocrx_word' id='word_1_21' title='bbox 300 692 416 759; x_wconf 82' lang='lat' dir='ltr'><strong>Omisit</strong></span> <span class='ocrx_word' id='word_1_22' title='bbox 437 694 521 758; x_wconf 92' lang='lat' dir='ltr'><strong>enim</strong></span> <span class='ocrx_word' id='word_1_23' title='bbox 545 695 651 760; x_wconf 89' lang='lat' dir='ltr'><strong>omnia</strong></span> <span class='ocrx_word' id='word_1_24' title='bbox 672 695 731 760; x_wconf 91' lang='lat' dir='ltr'><strong>illa</strong></span> <span class='ocrx_word' id='word_1_25' title='bbox 752 695 874 778; x_wconf 87' lang='lat' dir='ltr'><strong>Maius,</strong></span> <span class='ocrx_word' id='word_1_26' title='bbox 907 715 1012 779; x_wconf 78' lang='lat' dir='ltr'><strong>aquae</strong></span> <span class='ocrx_word' id='word_1_27' title='bbox 1034 694 1121 780; x_wconf 90' lang='lat' dir='ltr'><strong>apud</strong></span> <span class='ocrx_word' id='word_1_28' title='bbox 1145 694 1293 760; x_wconf 82' lang='lat' dir='ltr'><strong>Cosmum</strong></span> <span class='ocrx_word' id='word_1_29' title='bbox 1316 694 1360 759; x_wconf 90' lang='lat' dir='ltr'><strong>ad</strong></span> <span class='ocrx_word' id='word_1_30' title='bbox 1382 693 1440 759; x_wconf 91' lang='lat' dir='ltr'><strong>lit-</strong></span> 
     </span>
     <span class='ocr_line' id='line_1_4' title="bbox 299 797 1439 883; baseline 0 -21"><span class='ocrx_word' id='word_1_31' title='bbox 299 805 400 862; x_wconf 83' lang='lat' dir='ltr'><strong>teram</strong></span> <span class='ocrx_word' id='word_1_32' title='bbox 431 797 495 862; x_wconf 90' lang='lat' dir='ltr'><strong>iam</strong></span> <span class='ocrx_word' id='word_1_33' title='bbox 526 799 710 864; x_wconf 78' lang='lat' dir='ltr'><strong>extabant«.</strong></span> <span class='ocrx_word' id='word_1_34' title='bbox 758 798 879 883; x_wconf 84' lang='lat' dir='ltr'><strong>Viginti</strong></span> <span class='ocrx_word' id='word_1_35' title='bbox 906 799 1026 883; x_wconf 87' lang='lat' dir='ltr'><strong>primas</strong></span> <span class='ocrx_word' id='word_1_36' title='bbox 1048 798 1246 865; x_wconf 79' lang='lat' dir='ltr'><strong>narrationes</strong></span> <span class='ocrx_word' id='word_1_37' title='bbox 1275 797 1319 864; x_wconf 88' lang='lat' dir='ltr'><strong>ad</strong></span> <span class='ocrx_word' id='word_1_38' title='bbox 1340 797 1439 862; x_wconf 81' lang='lat' dir='ltr'><strong>fune-</strong></span> 
     </span>
     <span class='ocr_line' id='line_1_5' title="bbox 299 901 1434 969; baseline 0 -3"><span class='ocrx_word' id='word_1_39' title='bbox 299 901 389 966; x_wconf 90' lang='lat' dir='ltr'><strong>brem</strong></span> <span class='ocrx_word' id='word_1_40' title='bbox 411 901 444 966; x_wconf 95' lang='lat' dir='ltr'><strong>in</strong></span> <span class='ocrx_word' id='word_1_41' title='bbox 467 901 596 968; x_wconf 88' lang='lat' dir='ltr'><strong>laudem</strong></span> <span class='ocrx_word' id='word_1_42' title='bbox 612 902 726 968; x_wconf 89' lang='lat' dir='ltr'><strong>Basilii</strong></span> <span class='ocrx_word' id='word_1_43' title='bbox 745 903 918 969; x_wconf 89' lang='lat' dir='ltr'><strong>orationem</strong></span> <span class='ocrx_word' id='word_1_44' title='bbox 935 901 1036 968; x_wconf 86' lang='lat' dir='ltr'><strong>edidit</strong></span> <span class='ocrx_word' id='word_1_45' title='bbox 1052 903 1104 966; x_wconf 78' lang='lat' dir='ltr'><strong>lh.</strong></span> <span class='ocrx_word' id='word_1_46' title='bbox 1122 902 1261 968; x_wconf 84' lang='lat' dir='ltr'><strong>Creuzer</strong></span> <span class='ocrx_word' id='word_1_47' title='bbox 1275 901 1308 966; x_wconf 94' lang='lat' dir='ltr'><strong>in</strong></span> <span class='ocrx_word' id='word_1_48' title='bbox 1323 901 1434 967; x_wconf 85' lang='lat' dir='ltr'><strong>Melet.</strong></span> 
     </span>
     <span class='ocr_line' id='line_1_6' title="bbox 299 1004 1436 1090; baseline -0.001 -21"><span class='ocrx_word' id='word_1_49' title='bbox 299 1005 369 1070; x_wconf 86' lang='lat' dir='ltr'><strong>crit.</strong></span> <span class='ocrx_word' id='word_1_50' title='bbox 389 1027 422 1090; x_wconf 91' lang='lat' dir='ltr'><strong>p.</strong></span> <span class='ocrx_word' id='word_1_51' title='bbox 439 1009 478 1070; x_wconf 75' lang='grc'><strong>19</strong></span> <span class='ocrx_word' id='word_1_52' title='bbox 491 1026 539 1089; x_wconf 89' lang='lat' dir='ltr'><strong>sq.</strong></span> <span class='ocrx_word' id='word_1_53' title='bbox 581 1006 694 1071; x_wconf 88' lang='lat' dir='ltr'><strong>Latine</strong></span> <span class='ocrx_word' id='word_1_54' title='bbox 709 1005 815 1072; x_wconf 88' lang='lat' dir='ltr'><strong>Nonni</strong></span> <span class='ocrx_word' id='word_1_55' title='bbox 830 1005 865 1070; x_wconf 94' lang='lat' dir='ltr'><strong>in</strong></span> <span class='ocrx_word' id='word_1_56' title='bbox 879 1005 1058 1072; x_wconf 86' lang='lat' dir='ltr'><strong>invectivas</strong></span> <span class='ocrx_word' id='word_1_57' title='bbox 1073 1004 1155 1072; x_wconf 85' lang='lat' dir='ltr'><strong>duas</strong></span> <span class='ocrx_word' id='word_1_58' title='bbox 1170 1005 1250 1070; x_wconf 89' lang='lat' dir='ltr'><strong>etin</strong></span> <span class='ocrx_word' id='word_1_59' title='bbox 1266 1005 1436 1071; x_wconf 83' lang='lat' dir='ltr'><strong>funebrem</strong></span> 
     </span>
     <span class='ocr_line' id='line_1_7' title="bbox 300 1107 1436 1194; baseline -0.002 -20"><span class='ocrx_word' id='word_1_60' title='bbox 300 1109 473 1174; x_wconf 88' lang='lat' dir='ltr'><strong>orationem</strong></span> <span class='ocrx_word' id='word_1_61' title='bbox 496 1109 715 1174; x_wconf 90' lang='lat' dir='ltr'><strong>commentarii</strong></span> <span class='ocrx_word' id='word_1_62' title='bbox 745 1109 932 1194; x_wconf 90' lang='lat' dir='ltr'><strong>prodierunt</strong></span> <span class='ocrx_word' id='word_1_63' title='bbox 953 1109 1085 1175; x_wconf 88' lang='lat' dir='ltr'><strong>Parisiis</strong></span> <span class='ocrx_word' id='word_1_64' title='bbox 1112 1111 1193 1174; x_wconf 85' lang='grc'><strong>1569</strong></span> <span class='ocrx_word' id='word_1_65' title='bbox 1223 1128 1281 1194; x_wconf 89' lang='lat' dir='ltr'><strong>per</strong></span> <span class='ocrx_word' id='word_1_66' title='bbox 1303 1107 1436 1173; x_wconf 90' lang='lat' dir='ltr'><strong>Billinm</strong></span> 
     </span>
     <span class='ocr_line' id='line_1_8' title="bbox 305 1211 1437 1297; baseline -0.001 -20"><span class='ocrx_word' id='word_1_67' title='bbox 305 1211 357 1294; x_wconf 84' lang='lat' dir='ltr'><strong>(cs.</strong></span> <span class='ocrx_word' id='word_1_68' title='bbox 377 1212 501 1278; x_wconf 82' lang='lat' dir='ltr'><strong>Fabric.</strong></span> <span class='ocrx_word' id='word_1_69' title='bbox 520 1212 598 1276; x_wconf 90' lang='lat' dir='ltr'>VIII</span> <span class='ocrx_word' id='word_1_70' title='bbox 614 1215 676 1278; x_wconf 85' lang='grc'><strong>394</strong></span> <span class='ocrx_word' id='word_1_71' title='bbox 698 1215 807 1278; x_wconf 76' lang='grc'><strong>11119</strong></span> <span class='ocrx_word' id='word_1_72' title='bbox 830 1212 882 1279; x_wconf 90' lang='lat' dir='ltr'><strong>ed.</strong></span> <span class='ocrx_word' id='word_1_73' title='bbox 901 1213 1022 1297; x_wconf 77' lang='lat' dir='ltr'><strong>Harl).</strong></span> <span class='ocrx_word' id='word_1_74' title='bbox 1061 1212 1175 1279; x_wconf 90' lang='lat' dir='ltr'><strong>Denuo</strong></span> <span class='ocrx_word' id='word_1_75' title='bbox 1196 1211 1341 1296; x_wconf 83' lang='lat' dir='ltr'><strong>vulgavit</strong></span> <span class='ocrx_word' id='word_1_76' title='bbox 1362 1231 1437 1276; x_wconf 89' lang='lat' dir='ltr'><strong>eam</strong></span> 
     </span>
     <span class='ocr_line' id='line_1_9' title="bbox 299 1314 1433 1398; baseline -0.002 -18"><span class='ocrx_word' id='word_1_77' title='bbox 299 1315 477 1382; x_wconf 82' lang='lat' dir='ltr'><strong>versionem</strong></span> <span class='ocrx_word' id='word_1_78' title='bbox 501 1314 608 1398; x_wconf 85' lang='lat' dir='ltr'><strong>Migne</strong></span> <span class='ocrx_word' id='word_1_79' title='bbox 631 1335 702 1382; x_wconf 93' lang='lat' dir='ltr'><strong>cum</strong></span> <span class='ocrx_word' id='word_1_80' title='bbox 725 1322 816 1382; x_wconf 86' lang='lat' dir='ltr'><strong>textu</strong></span> <span class='ocrx_word' id='word_1_81' title='bbox 832 1315 956 1383; x_wconf 82' lang='lat' dir='ltr'><strong>Graeco</strong></span> <span class='ocrx_word' id='word_1_82' title='bbox 978 1323 1010 1384; x_wconf 90' lang='lat' dir='ltr'><strong>et</strong></span> <span class='ocrx_word' id='word_1_83' title='bbox 1032 1316 1113 1382; x_wconf 87' lang='lat' dir='ltr'><strong>hacc</strong></span> <span class='ocrx_word' id='word_1_84' title='bbox 1135 1316 1175 1382; x_wconf 93' lang='lat' dir='ltr'><strong>de</strong></span> <span class='ocrx_word' id='word_1_85' title='bbox 1195 1335 1235 1382; x_wconf 87' lang='lat' dir='ltr'><strong>ea</strong></span> <span class='ocrx_word' id='word_1_86' title='bbox 1249 1315 1433 1382; x_wconf 85' lang='lat' dir='ltr'><strong>adnotavit:</strong></span> 
     </span>
     <span class='ocr_line' id='line_1_10' title="bbox 301 1417 1437 1503; baseline 0 -19"><span class='ocrx_word' id='word_1_87' title='bbox 301 1419 443 1484; x_wconf 62' lang='lat' dir='ltr'><strong>ruerus</strong></span> <span class='ocrx_word' id='word_1_88' title='bbox 465 1418 599 1485; x_wconf 87' lang='lat' dir='ltr'><strong>Latinus</strong></span> <span class='ocrx_word' id='word_1_89' title='bbox 622 1419 650 1485; x_wconf 89' lang='lat' dir='ltr'><strong>is</strong></span> <span class='ocrx_word' id='word_1_90' title='bbox 673 1426 739 1502; x_wconf 88' lang='lat' dir='ltr'><strong>est,</strong></span> <span class='ocrx_word' id='word_1_91' title='bbox 774 1440 867 1503; x_wconf 89' lang='lat' dir='ltr'><strong>quem</strong></span> <span class='ocrx_word' id='word_1_92' title='bbox 898 1419 987 1486; x_wconf 91' lang='lat' dir='ltr'><strong>dedit</strong></span> <span class='ocrx_word' id='word_1_93' title='bbox 1009 1419 1124 1488; x_wconf 89' lang='lat' dir='ltr'><strong>Billius</strong></span> <span class='ocrx_word' id='word_1_94' title='bbox 1153 1420 1187 1485; x_wconf 94' lang='lat' dir='ltr'><strong>in</strong></span> <span class='ocrx_word' id='word_1_95' title='bbox 1214 1439 1273 1484; x_wconf 89' lang='lat' dir='ltr'><strong>sna</strong></span> <span class='ocrx_word' id='word_1_96' title='bbox 1294 1417 1437 1484; x_wconf 86' lang='lat' dir='ltr'><strong>editione</strong></span> 
     </span>
     <span class='ocr_line' id='line_1_11' title="bbox 301 1522 1434 1610; baseline 0.001 -24"><span class='ocrx_word' id='word_1_97' title='bbox 301 1541 432 1608; x_wconf 88' lang='lat' dir='ltr'><strong>operum</strong></span> <span class='ocrx_word' id='word_1_98' title='bbox 456 1522 554 1607; x_wconf 87' lang='lat' dir='ltr'><strong>Grcg.</strong></span> <span class='ocrx_word' id='word_1_99' title='bbox 576 1523 657 1588; x_wconf 87' lang='lat' dir='ltr'><strong>Nan.</strong></span> <span class='ocrx_word' id='word_1_100' title='bbox 705 1524 754 1588; x_wconf 82' lang='lat' dir='ltr'><strong>Ex</strong></span> <span class='ocrx_word' id='word_1_101' title='bbox 776 1524 902 1590; x_wconf 86' lang='lat' dir='ltr'><strong>diverso</strong></span> <span class='ocrx_word' id='word_1_102' title='bbox 924 1523 1100 1608; x_wconf 86' lang='lat' dir='ltr'><strong>exemplari</strong></span> <span class='ocrx_word' id='word_1_103' title='bbox 1122 1523 1248 1610; x_wconf 90' lang='lat' dir='ltr'><strong>prodiit,</strong></span> <span class='ocrx_word' id='word_1_104' title='bbox 1275 1527 1310 1588; x_wconf 91' lang='lat' dir='ltr'><strong>nt</strong></span> <span class='ocrx_word' id='word_1_105' title='bbox 1331 1529 1434 1607; x_wconf 84' lang='lat' dir='ltr'><strong>patet,</strong></span> 
     </span>
     <span class='ocr_line' id='line_1_12' title="bbox 301 1625 1438 1694; baseline 0 -2"><span class='ocrx_word' id='word_1_106' title='bbox 301 1633 333 1692; x_wconf 90' lang='lat' dir='ltr'><strong>et</strong></span> <span class='ocrx_word' id='word_1_107' title='bbox 353 1625 387 1692; x_wconf 91' lang='lat' dir='ltr'><strong>in</strong></span> <span class='ocrx_word' id='word_1_108' title='bbox 410 1626 518 1692; x_wconf 88' lang='lat' dir='ltr'><strong>multis</strong></span> <span class='ocrx_word' id='word_1_109' title='bbox 540 1626 746 1693; x_wconf 84' lang='lat' dir='ltr'><strong>discordata</strong></span> <span class='ocrx_word' id='word_1_110' title='bbox 769 1627 892 1694; x_wconf 85' lang='lat' dir='ltr'><strong>Gracco</strong></span> <span class='ocrx_word' id='word_1_111' title='bbox 915 1627 1034 1694; x_wconf 90' lang='lat' dir='ltr'><strong>Nonni.</strong></span> <span class='ocrx_word' id='word_1_112' title='bbox 1081 1626 1171 1692; x_wconf 89' lang='lat' dir='ltr'><strong>Nihil</strong></span> <span class='ocrx_word' id='word_1_113' title='bbox 1198 1633 1306 1692; x_wconf 89' lang='lat' dir='ltr'><strong>tamen</strong></span> <span class='ocrx_word' id='word_1_114' title='bbox 1328 1633 1438 1692; x_wconf 83' lang='lat' dir='ltr'><strong>muta·</strong></span> 
     </span>
     <span class='ocr_line' id='line_1_13' title="bbox 301 1729 1433 1815; baseline 0 -21"><span class='ocrx_word' id='word_1_115' title='bbox 301 1747 382 1812; x_wconf 89' lang='lat' dir='ltr'><strong>mus,</strong></span> <span class='ocrx_word' id='word_1_116' title='bbox 408 1737 443 1794; x_wconf 89' lang='lat' dir='ltr'><strong>ut</strong></span> <span class='ocrx_word' id='word_1_117' title='bbox 465 1731 658 1814; x_wconf 77' lang='lat' dir='ltr'><strong>exemplans</strong></span> <span class='ocrx_word' id='word_1_118' title='bbox 680 1731 844 1815; x_wconf 89' lang='lat' dir='ltr'><strong>utriusque</strong></span> <span class='ocrx_word' id='word_1_119' title='bbox 867 1731 960 1798; x_wconf 86' lang='lat' dir='ltr'><strong>lectio</strong></span> <span class='ocrx_word' id='word_1_120' title='bbox 976 1737 1153 1798; x_wconf 74' lang='lat' dir='ltr'><strong>servetur«</strong></span> <span class='ocrx_word' id='word_1_121' title='bbox 1191 1731 1232 1798; x_wconf 80' lang='lat' dir='ltr'><strong>Et</strong></span> <span class='ocrx_word' id='word_1_122' title='bbox 1245 1731 1327 1796; x_wconf 89' lang='lat' dir='ltr'><strong>benc</strong></span> <span class='ocrx_word' id='word_1_123' title='bbox 1342 1729 1433 1812; x_wconf 79' lang='lat' dir='ltr'><strong>fecit,</strong></span> 
     </span>
     <span class='ocr_line' id='line_1_14' title="bbox 268 1831 1437 1916; baseline 0.001 -19"><span class='ocrx_word' id='word_1_124' title='bbox 268 1857 270 1862; x_wconf 95' lang='lat'>·</span> <span class='ocrx_word' id='word_1_125' title='bbox 301 1832 387 1916; x_wconf 89' lang='lat' dir='ltr'><strong>quod</strong></span> <span class='ocrx_word' id='word_1_126' title='bbox 409 1831 490 1898; x_wconf 92' lang='lat' dir='ltr'><strong>nihil</strong></span> <span class='ocrx_word' id='word_1_127' title='bbox 513 1834 659 1900; x_wconf 89' lang='lat' dir='ltr'><strong>mutavit.</strong></span> <span class='ocrx_word' id='word_1_128' title='bbox 700 1834 735 1900; x_wconf 87' lang='lat' dir='ltr'><strong>Si</strong></span> <span class='ocrx_word' id='word_1_129' title='bbox 751 1835 835 1900; x_wconf 91' lang='lat' dir='ltr'><strong>enim</strong></span> <span class='ocrx_word' id='word_1_130' title='bbox 857 1841 980 1901; x_wconf 85' lang='lat' dir='ltr'><strong>textum</strong></span> <span class='ocrx_word' id='word_1_131' title='bbox 995 1833 1158 1900; x_wconf 79' lang='lat' dir='ltr'><strong>Rudociae</strong></span> <span class='ocrx_word' id='word_1_132' title='bbox 1181 1853 1252 1900; x_wconf 90' lang='lat' dir='ltr'><strong>cum</strong></span> <span class='ocrx_word' id='word_1_133' title='bbox 1276 1833 1437 1898; x_wconf 87' lang='lat' dir='ltr'><strong>similibus</strong></span> 
     </span>
     <span class='ocr_line' id='line_1_15' title="bbox 300 1935 1437 2021; baseline -0.001 -19"><span class='ocrx_word' id='word_1_134' title='bbox 300 1935 380 2004; x_wconf 89' lang='lat' dir='ltr'><strong>locis</strong></span> <span class='ocrx_word' id='word_1_135' title='bbox 401 1936 508 2002; x_wconf 89' lang='lat' dir='ltr'><strong>Nonni</strong></span> <span class='ocrx_word' id='word_1_136' title='bbox 523 1937 751 2004; x_wconf 88' lang='lat' dir='ltr'><strong>Montacutiani</strong></span> <span class='ocrx_word' id='word_1_137' title='bbox 774 1945 806 2004; x_wconf 92' lang='lat' dir='ltr'><strong>et</strong></span> <span class='ocrx_word' id='word_1_138' title='bbox 828 1937 959 2004; x_wconf 88' lang='lat' dir='ltr'><strong>Billiani</strong></span> <span class='ocrx_word' id='word_1_139' title='bbox 982 1945 1015 2004; x_wconf 91' lang='lat' dir='ltr'><strong>et</strong></span> <span class='ocrx_word' id='word_1_140' title='bbox 1035 1957 1106 2004; x_wconf 94' lang='lat' dir='ltr'><strong>cnm</strong></span> <span class='ocrx_word' id='word_1_141' title='bbox 1128 1938 1246 2004; x_wconf 84' lang='lat' dir='ltr'><strong>Cosma</strong></span> <span class='ocrx_word' id='word_1_142' title='bbox 1267 1957 1437 2021; x_wconf 88' lang='lat' dir='ltr'><strong>compara-</strong></span> 
     </span>
     <span class='ocr_line' id='line_1_16' title="bbox 300 2039 1437 2127; baseline -0.001 -22"><span class='ocrx_word' id='word_1_143' title='bbox 300 2041 396 2122; x_wconf 84' lang='lat' dir='ltr'><strong>veris,</strong></span> <span class='ocrx_word' id='word_1_144' title='bbox 423 2039 518 2106; x_wconf 79' lang='lat' dir='ltr'><strong>facile</strong></span> <span class='ocrx_word' id='word_1_145' title='bbox 541 2061 699 2125; x_wconf 81' lang='lat' dir='ltr'><strong>agnoscas</strong></span> <span class='ocrx_word' id='word_1_146' title='bbox 721 2042 842 2107; x_wconf 90' lang='lat' dir='ltr'><strong>nullius</strong></span> <span class='ocrx_word' id='word_1_147' title='bbox 863 2062 936 2108; x_wconf 93' lang='lat' dir='ltr'><strong>cnm</strong></span> <span class='ocrx_word' id='word_1_148' title='bbox 959 2041 1149 2109; x_wconf 87' lang='lat' dir='ltr'><strong>lectionibus</strong></span> <span class='ocrx_word' id='word_1_149' title='bbox 1171 2041 1301 2127; x_wconf 88' lang='lat' dir='ltr'><strong>saepius</strong></span> <span class='ocrx_word' id='word_1_150' title='bbox 1323 2040 1437 2106; x_wconf 84' lang='lat' dir='ltr'><strong>Eudo-</strong></span> 
     </span>
     <span class='ocr_line' id='line_1_17' title="bbox 300 2143 1439 2228; baseline 0.001 -19"><span class='ocrx_word' id='word_1_151' title='bbox 300 2143 381 2209; x_wconf 91' lang='lat' dir='ltr'><strong>ciam</strong></span> <span class='ocrx_word' id='word_1_152' title='bbox 413 2163 587 2228; x_wconf 75' lang='lat' dir='ltr'><strong>congruere</strong></span> <span class='ocrx_word' id='word_1_153' title='bbox 617 2165 712 2228; x_wconf 92' lang='lat' dir='ltr'><strong>quam</strong></span> <span class='ocrx_word' id='word_1_154' title='bbox 742 2164 812 2210; x_wconf 84' lang='lat' dir='ltr'><strong>cunr</strong></span> <span class='ocrx_word' id='word_1_155' title='bbox 844 2144 1004 2210; x_wconf 89' lang='lat' dir='ltr'><strong>Billianis.</strong></span> <span class='ocrx_word' id='word_1_156' title='bbox 1051 2146 1173 2210; x_wconf 87' lang='lat' dir='ltr'><strong>Rursus</strong></span> <span class='ocrx_word' id='word_1_157' title='bbox 1202 2151 1235 2210; x_wconf 90' lang='lat' dir='ltr'><strong>et</strong></span> <span class='ocrx_word' id='word_1_158' title='bbox 1257 2144 1374 2209; x_wconf 91' lang='lat' dir='ltr'><strong>Billins</strong></span> <span class='ocrx_word' id='word_1_159' title='bbox 1402 2151 1439 2210; x_wconf 89' lang='lat' dir='ltr'><strong>et</strong></span> 
     </span>
     <span class='ocr_line' id='line_1_18' title="bbox 301 2246 1437 2332; baseline 0 -20"><span class='ocrx_word' id='word_1_160' title='bbox 301 2247 444 2312; x_wconf 82' lang='lat' dir='ltr'><strong>Eudooia</strong></span> <span class='ocrx_word' id='word_1_161' title='bbox 473 2247 540 2314; x_wconf 83' lang='lat' dir='ltr'><strong>fere</strong></span> <span class='ocrx_word' id='word_1_162' title='bbox 569 2267 640 2313; x_wconf 88' lang='lat' dir='ltr'><strong>cum</strong></span> <span class='ocrx_word' id='word_1_163' title='bbox 670 2248 783 2332; x_wconf 90' lang='lat' dir='ltr'><strong>paucis</strong></span> <span class='ocrx_word' id='word_1_164' title='bbox 812 2247 852 2314; x_wconf 89' lang='lat' dir='ltr'><strong>iis</strong></span> <span class='ocrx_word' id='word_1_165' title='bbox 883 2247 1100 2330; x_wconf 86' lang='lat' dir='ltr'><strong>consentiunt,</strong></span> <span class='ocrx_word' id='word_1_166' title='bbox 1134 2267 1216 2332; x_wconf 86' lang='lat' dir='ltr'><strong>qnae</strong></span> <span class='ocrx_word' id='word_1_167' title='bbox 1246 2268 1264 2313; x_wconf 92' lang='lat' dir='ltr'><strong>e</strong></span> <span class='ocrx_word' id='word_1_168' title='bbox 1293 2246 1437 2313; x_wconf 66' lang='lat' dir='ltr'><strong>»Codice</strong></span> 
     </span>
     <span class='ocr_line' id='line_1_19' title="bbox 302 2349 1433 2434; baseline 0 -20"><span class='ocrx_word' id='word_1_169' title='bbox 302 2350 424 2434; x_wconf 78' lang='lat' dir='ltr'><strong>Regio«</strong></span> <span class='ocrx_word' id='word_1_170' title='bbox 458 2351 509 2434; x_wconf 86' lang='lat' dir='ltr'><strong>(an</strong></span> <span class='ocrx_word' id='word_1_171' title='bbox 532 2353 637 2414; x_wconf 69' lang='lat'>2551?</span> <span class='ocrx_word' id='word_1_172' title='bbox 666 2350 707 2416; x_wconf 85' lang='lat' dir='ltr'><strong>ol.</strong></span> <span class='ocrx_word' id='word_1_173' title='bbox 734 2351 885 2418; x_wconf 88' lang='lat' dir='ltr'><strong>Sohoeilii</strong></span> <span class='ocrx_word' id='word_1_174' title='bbox 915 2352 1026 2418; x_wconf 90' lang='lat' dir='ltr'><strong>histor.</strong></span> <span class='ocrx_word' id='word_1_175' title='bbox 1060 2351 1120 2418; x_wconf 83' lang='lat' dir='ltr'><strong>litt.</strong></span> <span class='ocrx_word' id='word_1_176' title='bbox 1154 2351 1209 2418; x_wconf 88' lang='lat' dir='ltr'><strong>Gr.</strong></span> <span class='ocrx_word' id='word_1_177' title='bbox 1243 2350 1294 2416; x_wconf 92' lang='lat' dir='ltr'><strong>ed.</strong></span> <span class='ocrx_word' id='word_1_178' title='bbox 1321 2349 1433 2416; x_wconf 88' lang='lat' dir='ltr'><strong>Germ.</strong></span> 
     </span>
     <span class='ocr_line' id='line_1_20' title="bbox 300 2453 1436 2540; baseline 0.002 -22"><span class='ocrx_word' id='word_1_179' title='bbox 300 2453 348 2518; x_wconf 95' lang='lat' dir='ltr'><strong>III</strong></span> <span class='ocrx_word' id='word_1_180' title='bbox 374 2455 443 2534; x_wconf 80' lang='lat'>182)</span> <span class='ocrx_word' id='word_1_181' title='bbox 478 2453 610 2519; x_wconf 88' lang='lat' dir='ltr'><strong>adnotat</strong></span> <span class='ocrx_word' id='word_1_182' title='bbox 638 2453 756 2538; x_wconf 85' lang='lat' dir='ltr'><strong>Ilignc.</strong></span> <span class='ocrx_word' id='word_1_183' title='bbox 805 2457 878 2522; x_wconf 89' lang='lat' dir='ltr'><strong>Mea</strong></span> <span class='ocrx_word' id='word_1_184' title='bbox 910 2455 1008 2540; x_wconf 89' lang='lat' dir='ltr'><strong>igitur</strong></span> <span class='ocrx_word' id='word_1_185' title='bbox 1037 2455 1207 2538; x_wconf 80' lang='lat' dir='ltr'><strong>sententia,</strong></span> <span class='ocrx_word' id='word_1_186' title='bbox 1244 2473 1328 2536; x_wconf 86' lang='lat' dir='ltr'><strong>quac</strong></span> <span class='ocrx_word' id='word_1_187' title='bbox 1361 2473 1436 2520; x_wconf 90' lang='lat' dir='ltr'><strong>cnm</strong></span> 
     </span>
     <span class='ocr_line' id='line_1_21' title="bbox 300 2555 1438 2644; baseline 0 -22"><span class='ocrx_word' id='word_1_188' title='bbox 300 2556 535 2622; x_wconf 90' lang='lat' dir='ltr'><strong>commentariis</strong></span> <span class='ocrx_word' id='word_1_189' title='bbox 558 2555 600 2621; x_wconf 89' lang='lat' dir='ltr'><strong>ad</strong></span> <span class='ocrx_word' id='word_1_190' title='bbox 623 2557 657 2620; x_wconf 83' lang='lat' dir='ltr'><strong>S.</strong></span> <span class='ocrx_word' id='word_1_191' title='bbox 683 2557 873 2642; x_wconf 85' lang='lat' dir='ltr'><strong>Gregorinm</strong></span> <span class='ocrx_word' id='word_1_192' title='bbox 895 2559 1022 2644; x_wconf 90' lang='lat' dir='ltr'><strong>scriptis</strong></span> <span class='ocrx_word' id='word_1_193' title='bbox 1043 2559 1077 2624; x_wconf 90' lang='lat' dir='ltr'><strong>in</strong></span> <span class='ocrx_word' id='word_1_194' title='bbox 1099 2557 1232 2624; x_wconf 88' lang='lat' dir='ltr'><strong>violario</strong></span> <span class='ocrx_word' id='word_1_195' title='bbox 1254 2577 1438 2640; x_wconf 88' lang='lat' dir='ltr'><strong>congruen-</strong></span> 
     </span>
     <span class='ocr_line' id='line_1_22' title="bbox 299 2659 1430 2742; baseline -0.002 -18"><span class='ocrx_word' id='word_1_196' title='bbox 299 2659 344 2724; x_wconf 89' lang='lat' dir='ltr'><strong>tia</strong></span> <span class='ocrx_word' id='word_1_197' title='bbox 373 2660 537 2742; x_wconf 87' lang='lat' dir='ltr'><strong>lcgnntur,</strong></span> <span class='ocrx_word' id='word_1_198' title='bbox 569 2659 677 2725; x_wconf 89' lang='lat' dir='ltr'><strong>omnia</strong></span> <span class='ocrx_word' id='word_1_199' title='bbox 706 2659 856 2726; x_wconf 80' lang='lat' dir='ltr'><strong>falsarius</strong></span> <span class='ocrx_word' id='word_1_200' title='bbox 885 2661 994 2728; x_wconf 88' lang='lat' dir='ltr'><strong>hausit</strong></span> <span class='ocrx_word' id='word_1_201' title='bbox 1015 2681 1034 2728; x_wconf 91' lang='lat' dir='ltr'><strong>e</strong></span> <span class='ocrx_word' id='word_1_202' title='bbox 1056 2661 1165 2728; x_wconf 89' lang='lat' dir='ltr'><strong>codice</strong></span> <span class='ocrx_word' id='word_1_203' title='bbox 1187 2659 1323 2726; x_wconf 90' lang='lat' dir='ltr'><strong>Parisini</strong></span> <span class='ocrx_word' id='word_1_204' title='bbox 1348 2663 1430 2723; x_wconf 76' lang='lat'>255¹</span> 
     </span>
     <span class='ocr_line' id='line_1_23' title="bbox 300 2762 1436 2848; baseline 0 -20"><span class='ocrx_word' id='word_1_205' title='bbox 300 2770 332 2828; x_wconf 88' lang='lat' dir='ltr'><strong>ct</strong></span> <span class='ocrx_word' id='word_1_206' title='bbox 353 2762 485 2828; x_wconf 88' lang='lat' dir='ltr'><strong>Billiani</strong></span> <span class='ocrx_word' id='word_1_207' title='bbox 507 2762 683 2847; x_wconf 90' lang='lat' dir='ltr'><strong>propinquo</strong></span> <span class='ocrx_word' id='word_1_208' title='bbox 706 2763 812 2830; x_wconf 90' lang='lat' dir='ltr'><strong>Nonni</strong></span> <span class='ocrx_word' id='word_1_209' title='bbox 834 2765 868 2830; x_wconf 94' lang='lat' dir='ltr'><strong>in</strong></span> <span class='ocrx_word' id='word_1_210' title='bbox 884 2765 928 2830; x_wconf 91' lang='lat' dir='ltr'><strong>IV</strong></span> <span class='ocrx_word' id='word_1_211' title='bbox 950 2765 1025 2830; x_wconf 89' lang='lat' dir='ltr'><strong>illas</strong></span> <span class='ocrx_word' id='word_1_212' title='bbox 1048 2763 1082 2830; x_wconf 85' lang='lat' dir='ltr'><strong>S.</strong></span> <span class='ocrx_word' id='word_1_213' title='bbox 1101 2763 1250 2848; x_wconf 84' lang='lat' dir='ltr'><strong>Gregorii</strong></span> <span class='ocrx_word' id='word_1_214' title='bbox 1271 2762 1436 2829; x_wconf 84' lang='lat' dir='ltr'><strong>orationes</strong></span> 
     </span>
     <span class='ocr_line' id='line_1_24' title="bbox 299 2865 1436 2951; baseline -0.001 -20"><span class='ocrx_word' id='word_1_215' title='bbox 299 2865 542 2932; x_wconf 81' lang='lat' dir='ltr'><strong>commentarios</strong></span> <span class='ocrx_word' id='word_1_216' title='bbox 570 2867 810 2951; x_wconf 80' lang='lat' dir='ltr'><strong>complectente.</strong></span> <span class='ocrx_word' id='word_1_217' title='bbox 857 2867 940 2932; x_wconf 89' lang='lat' dir='ltr'><strong>Nam</strong></span> <span class='ocrx_word' id='word_1_218' title='bbox 971 2868 1025 2934; x_wconf 90' lang='lat' dir='ltr'><strong>ubi</strong></span> <span class='ocrx_word' id='word_1_219' title='bbox 1052 2868 1095 2934; x_wconf 91' lang='lat' dir='ltr'><strong>ad</strong></span> <span class='ocrx_word' id='word_1_220' title='bbox 1123 2867 1271 2936; x_wconf 79' lang='lat' dir='ltr'><strong>Cosmum</strong></span> <span class='ocrx_word' id='word_1_221' title='bbox 1301 2865 1436 2951; x_wconf 89' lang='lat' dir='ltr'><strong>propius</strong></span> 
     </span>
     <span class='ocr_line' id='line_1_25' title="bbox 300 2967 1434 3054; baseline -0.002 -19"><span class='ocrx_word' id='word_1_222' title='bbox 300 2969 454 3035; x_wconf 85' lang='lat' dir='ltr'><strong>accedere</strong></span> <span class='ocrx_word' id='word_1_223' title='bbox 479 2967 622 3035; x_wconf 85' lang='lat' dir='ltr'><strong>Eudocia</strong></span> <span class='ocrx_word' id='word_1_224' title='bbox 650 2969 819 3036; x_wconf 89' lang='lat' dir='ltr'><strong>videbatur</strong></span> <span class='ocrx_word' id='word_1_225' title='bbox 840 2971 1021 3054; x_wconf 63' lang='lat' dir='ltr'><strong>Nunechio,</strong></span> <span class='ocrx_word' id='word_1_226' title='bbox 1054 2971 1099 3036; x_wconf 95' lang='lat' dir='ltr'><strong>ibi</strong></span> <span class='ocrx_word' id='word_1_227' title='bbox 1127 2968 1306 3036; x_wconf 88' lang='lat' dir='ltr'><strong>accuratius</strong></span> <span class='ocrx_word' id='word_1_228' title='bbox 1334 2968 1434 3034; x_wconf 88' lang='lat' dir='ltr'><strong>etiam</strong></span> 
     </span>
     <span class='ocr_line' id='line_1_26' title="bbox 300 3071 1437 3160; baseline -0.001 -22"><span class='ocrx_word' id='word_1_229' title='bbox 300 3073 447 3138; x_wconf 90' lang='lat' dir='ltr'><strong>Nonnum</strong></span> <span class='ocrx_word' id='word_1_230' title='bbox 464 3071 636 3137; x_wconf 90' lang='lat' dir='ltr'><strong>Billianum</strong></span> <span class='ocrx_word' id='word_1_231' title='bbox 652 3074 693 3138; x_wconf 86' lang='lat' dir='ltr'><strong>ab</strong></span> <span class='ocrx_word' id='word_1_232' title='bbox 709 3073 852 3140; x_wconf 83' lang='lat' dir='ltr'><strong>Eudocia</strong></span> <span class='ocrx_word' id='word_1_233' title='bbox 873 3093 1061 3160; x_wconf 83' lang='lat' dir='ltr'><strong>expressum</strong></span> <span class='ocrx_word' id='word_1_234' title='bbox 1077 3093 1149 3140; x_wconf 87' lang='lat' dir='ltr'><strong>esse</strong></span> <span class='ocrx_word' id='word_1_235' title='bbox 1163 3079 1307 3158; x_wconf 88' lang='lat' dir='ltr'><strong>apparet.</strong></span> <span class='ocrx_word' id='word_1_236' title='bbox 1348 3071 1437 3138; x_wconf 81' lang='lat' dir='ltr'><strong>Con-</strong></span> 
     </span>
     <span class='ocr_line' id='line_1_27' title="bbox 301 3167 1435 3264; baseline -0.002 -22"><span class='ocrx_word' id='word_1_237' title='bbox 301 3177 478 3243; x_wconf 89' lang='lat' dir='ltr'><strong>sideremus</strong></span> <span class='ocrx_word' id='word_1_238' title='bbox 501 3174 657 3241; x_wconf 86' lang='lat' dir='ltr'><strong>Nituschii</strong></span> <span class='ocrx_word' id='word_1_239' title='bbox 679 3178 844 3261; x_wconf 87' lang='lat' dir='ltr'><strong>exempla:</strong></span> <span class='ocrx_word' id='word_1_240' title='bbox 871 3178 907 3242; x_wconf 93' lang='lat' dir='ltr'><strong>P.</strong></span> <span class='ocrx_word' id='word_1_241' title='bbox 930 3181 989 3241; x_wconf 80' lang='lat'><strong>172</strong></span> <span class='ocrx_word' id='word_1_242' title='bbox 1012 3177 1091 3264; x_wconf 78' lang='grc' dir='ltr'><strong><em>περὶ</em></strong></span> <span class='ocrx_word' id='word_1_243' title='bbox 1109 3170 1318 3263; x_wconf 79' lang='grc' dir='ltr'><strong><em>Ἐπικτήτου.</em></strong></span> <span class='ocrx_word' id='word_1_244' title='bbox 1362 3167 1435 3240; x_wconf 81' lang='grc' dir='ltr'><strong>ὑπὸ</strong></span> 
     </span>
     <span class='ocr_line' id='line_1_28' title="bbox 300 3273 1432 3366; baseline -0.002 -22"><span class='ocrx_word' id='word_1_245' title='bbox 300 3286 361 3346; x_wconf 81' lang='grc' dir='ltr'><strong>τοῦ</strong></span> <span class='ocrx_word' id='word_1_246' title='bbox 391 3275 556 3366; x_wconf 78' lang='grc' dir='ltr'><strong><em>τοράοοοο</em></strong></span> <span class='ocrx_word' id='word_1_247' title='bbox 579 3276 781 3356; x_wconf 76' lang='grc' dir='ltr'><strong><em>Μακεδόνος</em></strong></span> <span class='ocrx_word' id='word_1_248' title='bbox 803 3280 900 3364; x_wconf 77' lang='lat' dir='ltr'><strong>Eun,</strong></span> <span class='ocrx_word' id='word_1_249' title='bbox 936 3273 1004 3346; x_wconf 80' lang='grc' dir='ltr'><strong>ὑπὸ</strong></span> <span class='ocrx_word' id='word_1_250' title='bbox 1037 3287 1097 3346; x_wconf 81' lang='grc' dir='ltr'><strong>τοῦ</strong></span> <span class='ocrx_word' id='word_1_251' title='bbox 1123 3275 1289 3366; x_wconf 73' lang='grc' dir='ltr'><strong><em>τυράννου</em></strong></span> <span class='ocrx_word' id='word_1_252' title='bbox 1322 3277 1432 3344; x_wconf 86' lang='lat' dir='ltr'><strong>Nonn.</strong></span> 
     </span>
     <span class='ocr_line' id='line_1_29' title="bbox 301 3376 1430 3468; baseline 0 -21"><span class='ocrx_word' id='word_1_253' title='bbox 301 3383 437 3449; x_wconf 85' lang='lat' dir='ltr'><strong>Montac.</strong></span> <span class='ocrx_word' id='word_1_254' title='bbox 455 3383 471 3446; x_wconf 93' lang='lat' dir='ltr'>I</span> <span class='ocrx_word' id='word_1_255' title='bbox 491 3387 537 3464; x_wconf 81' lang='grc'><strong>11,</strong></span> <span class='ocrx_word' id='word_1_256' title='bbox 557 3376 625 3448; x_wconf 77' lang='grc' dir='ltr'><strong>ὑπὸ</strong></span> <span class='ocrx_word' id='word_1_257' title='bbox 641 3389 702 3448; x_wconf 84' lang='grc' dir='ltr'><strong>τοῦ</strong></span> <span class='ocrx_word' id='word_1_258' title='bbox 716 3379 882 3468; x_wconf 72' lang='grc' dir='ltr'><strong><em>τυράννου</em></strong></span> <span class='ocrx_word' id='word_1_259' title='bbox 896 3383 1157 3466; x_wconf 76' lang='grc' dir='ltr'><strong><em>Λακεδαίμονος</em></strong></span> <span class='ocrx_word' id='word_1_260' title='bbox 1172 3383 1279 3450; x_wconf 82' lang='lat' dir='ltr'><strong>Cosm.</strong></span> <span class='ocrx_word' id='word_1_261' title='bbox 1297 3403 1329 3467; x_wconf 89' lang='lat' dir='ltr'><strong>p.</strong></span> <span class='ocrx_word' id='word_1_262' title='bbox 1350 3383 1430 3460; x_wconf 77' lang='lat'><strong>206;</strong></span> 
     </span>
     <span class='ocr_line' id='line_1_30' title="bbox 300 3485 1436 3572; baseline 0 -21"><span class='ocrx_word' id='word_1_263' title='bbox 300 3486 432 3572; x_wconf 92' lang='lat' dir='ltr'><strong>propius</strong></span> <span class='ocrx_word' id='word_1_264' title='bbox 460 3485 559 3570; x_wconf 85' lang='lat' dir='ltr'><strong>igitur</strong></span> <span class='ocrx_word' id='word_1_265' title='bbox 585 3485 629 3551; x_wconf 93' lang='lat' dir='ltr'><strong>ad</strong></span> <span class='ocrx_word' id='word_1_266' title='bbox 650 3485 800 3552; x_wconf 79' lang='lat' dir='ltr'><strong>Cosmam</strong></span> <span class='ocrx_word' id='word_1_267' title='bbox 828 3485 954 3553; x_wconf 90' lang='lat' dir='ltr'><strong>accedit</strong></span> <span class='ocrx_word' id='word_1_268' title='bbox 975 3486 1121 3553; x_wconf 82' lang='lat' dir='ltr'><strong>Eudocia</strong></span> <span class='ocrx_word' id='word_1_269' title='bbox 1144 3485 1318 3552; x_wconf 89' lang='lat' dir='ltr'><strong>secundum</strong></span> <span class='ocrx_word' id='word_1_270' title='bbox 1340 3485 1436 3551; x_wconf 80' lang='lat' dir='ltr'><strong>Nita-</strong></span> 
     </span>
     <span class='ocr_line' id='line_1_31' title="bbox 301 3589 1435 3676; baseline 0 -20"><span class='ocrx_word' id='word_1_271' title='bbox 301 3589 437 3656; x_wconf 90' lang='lat' dir='ltr'><strong>schinm.</strong></span> <span class='ocrx_word' id='word_1_272' title='bbox 482 3590 525 3655; x_wconf 82' lang='lat' dir='ltr'><strong>At</strong></span> <span class='ocrx_word' id='word_1_273' title='bbox 557 3589 584 3654; x_wconf 93' lang='lat' dir='ltr'><strong>si</strong></span> <span class='ocrx_word' id='word_1_274' title='bbox 617 3589 704 3655; x_wconf 92' lang='lat' dir='ltr'><strong>Billii</strong></span> <span class='ocrx_word' id='word_1_275' title='bbox 738 3591 916 3656; x_wconf 86' lang='lat' dir='ltr'><strong>versionem</strong></span> <span class='ocrx_word' id='word_1_276' title='bbox 950 3589 1146 3676; x_wconf 82' lang='lat' dir='ltr'><strong>inspexisset</strong></span> <span class='ocrx_word' id='word_1_277' title='bbox 1182 3591 1233 3673; x_wconf 76' lang='lat' dir='ltr'><strong>[aa</strong></span> <span class='ocrx_word' id='word_1_278' title='bbox 1256 3589 1435 3656; x_wconf 89' lang='lat' dir='ltr'><strong>Macedone</strong></span> 
     </span>
     <span class='ocr_line' id='line_1_32' title="bbox 301 3682 1435 3780; baseline -0.002 -23"><span class='ocrx_word' id='word_1_279' title='bbox 301 3695 482 3778; x_wconf 76' lang='lat' dir='ltr'><strong>tyrannm),</strong></span> <span class='ocrx_word' id='word_1_280' title='bbox 509 3691 604 3758; x_wconf 84' lang='lat' dir='ltr'><strong>aliter</strong></span> <span class='ocrx_word' id='word_1_281' title='bbox 625 3685 820 3758; x_wconf 59' lang='lat' dir='ltr'><strong>iudicasset.</strong></span> <span class='ocrx_word' id='word_1_282' title='bbox 844 3693 857 3777; x_wconf 75' lang='lat' dir='ltr'><strong>ll</strong></span> <span class='ocrx_word' id='word_1_283' title='bbox 887 3687 1338 3780; x_wconf 70' lang='grc' dir='ltr'><strong>Ρ.172111ρ1Ἐπικούρου.</strong></span> <span class='ocrx_word' id='word_1_284' title='bbox 1375 3682 1435 3756; x_wconf 82' lang='grc' dir='ltr'><strong>οὗ-</strong></span> 
     </span>
     <span class='ocr_line' id='line_1_33' title="bbox 301 3789 1435 3882; baseline 0 -22"><span class='ocrx_word' id='word_1_285' title='bbox 301 3819 359 3872; x_wconf 86' lang='grc' dir='ltr'><strong>τος</strong></span> <span class='ocrx_word' id='word_1_286' title='bbox 374 3796 525 3872; x_wconf 82' lang='grc' dir='ltr'><strong><em>τέλος-</em></strong></span> <span class='ocrx_word' id='word_1_287' title='bbox 540 3817 572 3881; x_wconf 91' lang='lat' dir='ltr'><strong>p.</strong></span> <span class='ocrx_word' id='word_1_288' title='bbox 587 3799 646 3860; x_wconf 88' lang='grc'><strong>173</strong></span> <span class='ocrx_word' id='word_1_289' title='bbox 665 3789 682 3862; x_wconf 87' lang='grc' dir='ltr'>ὁ</span> <span class='ocrx_word' id='word_1_290' title='bbox 699 3795 791 3874; x_wconf 75' lang='grc' dir='ltr'><strong><em>θοός.</em></strong></span> <span class='ocrx_word' id='word_1_291' title='bbox 833 3796 905 3862; x_wconf 89' lang='lat' dir='ltr'><strong>Non</strong></span> <span class='ocrx_word' id='word_1_292' title='bbox 920 3797 1057 3863; x_wconf 79' lang='lat' dir='ltr'><strong>Cosmae</strong></span> <span class='ocrx_word' id='word_1_293' title='bbox 1076 3799 1119 3882; x_wconf 73' lang='lat' dir='ltr'><strong>lp.</strong></span> <span class='ocrx_word' id='word_1_294' title='bbox 1132 3796 1204 3878; x_wconf 77' lang='lat'>259)</span> <span class='ocrx_word' id='word_1_295' title='bbox 1220 3801 1341 3860; x_wconf 85' lang='lat' dir='ltr'><strong>textum</strong></span> <span class='ocrx_word' id='word_1_296' title='bbox 1357 3801 1435 3860; x_wconf 81' lang='lat' dir='ltr'><strong>ante</strong></span> 
     </span>
     <span class='ocr_line' id='line_1_34' title="bbox 301 3897 1434 3984; baseline -0.003 -18"><span class='ocrx_word' id='word_1_297' title='bbox 301 3900 410 3966; x_wconf 91' lang='lat' dir='ltr'><strong>oculos</strong></span> <span class='ocrx_word' id='word_1_298' title='bbox 431 3899 543 3965; x_wconf 88' lang='lat' dir='ltr'><strong>habuit</strong></span> <span class='ocrx_word' id='word_1_299' title='bbox 565 3899 726 3982; x_wconf 85' lang='lat' dir='ltr'><strong>Endocia,</strong></span> <span class='ocrx_word' id='word_1_300' title='bbox 760 3907 795 3965; x_wconf 88' lang='lat' dir='ltr'><strong>ut</strong></span> <span class='ocrx_word' id='word_1_301' title='bbox 821 3899 931 3964; x_wconf 92' lang='lat' dir='ltr'><strong>volunt</strong></span> <span class='ocrx_word' id='word_1_302' title='bbox 960 3899 1059 3964; x_wconf 85' lang='lat' dir='ltr'><strong>Flach</strong></span> <span class='ocrx_word' id='word_1_303' title='bbox 1082 3921 1114 3984; x_wconf 91' lang='lat' dir='ltr'><strong>p.</strong></span> <span class='ocrx_word' id='word_1_304' title='bbox 1136 3901 1195 3962; x_wconf 85' lang='grc'><strong>113</strong></span> <span class='ocrx_word' id='word_1_305' title='bbox 1226 3903 1258 3963; x_wconf 88' lang='lat' dir='ltr'><strong>et</strong></span> <span class='ocrx_word' id='word_1_306' title='bbox 1279 3897 1434 3964; x_wconf 83' lang='lat' dir='ltr'><strong>Nitzsche</strong></span> 
     </span>
     <span class='ocr_line' id='line_1_35' title="bbox 301 3993 1435 4088; baseline -0.004 -21"><span class='ocrx_word' id='word_1_307' title='bbox 301 4004 324 4067; x_wconf 97' lang='lat' dir='ltr'><strong>l.</strong></span> <span class='ocrx_word' id='word_1_308' title='bbox 343 4004 380 4086; x_wconf 87' lang='lat' dir='ltr'><strong>l.‚</strong></span> <span class='ocrx_word' id='word_1_309' title='bbox 406 4002 470 4068; x_wconf 90' lang='lat' dir='ltr'><strong>sed&#39;</strong></span> <span class='ocrx_word' id='word_1_310' title='bbox 485 4001 622 4068; x_wconf 89' lang='lat' dir='ltr'><strong>eundem</strong></span> <span class='ocrx_word' id='word_1_311' title='bbox 644 4009 739 4085; x_wconf 84' lang='lat' dir='ltr'><strong>atquc</strong></span> <span class='ocrx_word' id='word_1_312' title='bbox 762 4001 879 4068; x_wconf 88' lang='lat' dir='ltr'><strong>Billius</strong></span> <span class='ocrx_word' id='word_1_313' title='bbox 893 4009 1032 4068; x_wconf 85' lang='lat' dir='ltr'><strong>textum:</strong></span> <span class='ocrx_word' id='word_1_314' title='bbox 1061 3996 1191 4088; x_wconf 74' lang='grc' dir='ltr'><strong><em>ἡδονὴν,</em></strong></span> <span class='ocrx_word' id='word_1_315' title='bbox 1218 3993 1259 4066; x_wconf 82' lang='grc' dir='ltr'><strong>οὐ</strong></span> <span class='ocrx_word' id='word_1_316' title='bbox 1274 3997 1334 4087; x_wconf 76' lang='grc' dir='ltr'><strong>τὴν</strong></span> <span class='ocrx_word' id='word_1_317' title='bbox 1349 3993 1435 4064; x_wconf 83' lang='grc' dir='ltr'>ἀκά-</span> 
     </span>
     <span class='ocr_line' id='line_1_36' title="bbox 302 4099 1431 4192; baseline -0.003 -22"><span class='ocrx_word' id='word_1_318' title='bbox 302 4111 443 4190; x_wconf 73' lang='grc' dir='ltr'><strong><em>θαρτον,</em></strong></span> <span class='ocrx_word' id='word_1_319' title='bbox 464 4099 549 4170; x_wconf 77' lang='grc' dir='ltr'><strong>ἀλλὰ</strong></span> <span class='ocrx_word' id='word_1_320' title='bbox 565 4102 624 4192; x_wconf 72' lang='grc' dir='ltr'><strong>τὴν</strong></span> <span class='ocrx_word' id='word_1_321' title='bbox 639 4101 876 4192; x_wconf 76' lang='grc' dir='ltr'><strong><em>φυσικωτάτηο</em></strong></span> <span class='ocrx_word' id='word_1_322' title='bbox 890 4103 1097 4172; x_wconf 68' lang='grc' dir='ltr'><strong><em>κατάστασιν</em></strong></span> <span class='ocrx_word' id='word_1_323' title='bbox 1111 4106 1216 4170; x_wconf 87' lang='lat' dir='ltr'><strong>Noun.</strong></span> <span class='ocrx_word' id='word_1_324' title='bbox 1236 4103 1334 4169; x_wconf 85' lang='lat' dir='ltr'><strong>Mont.</strong></span> <span class='ocrx_word' id='word_1_325' title='bbox 1349 4103 1431 4186; x_wconf 76' lang='lat'><strong>127,</strong></span> 
     </span>
     <span class='ocr_line' id='line_1_37' title="bbox 302 4200 1432 4296; baseline -0.002 -22"><span class='ocrx_word' id='word_1_326' title='bbox 302 4203 435 4296; x_wconf 74' lang='grc' dir='ltr'><strong><em>ἡδονὴν.</em></strong></span> <span class='ocrx_word' id='word_1_327' title='bbox 461 4209 518 4272; x_wconf 80' lang='grc' dir='ltr'><strong>καὶ</strong></span> <span class='ocrx_word' id='word_1_328' title='bbox 541 4207 572 4272; x_wconf 78' lang='grc' dir='ltr'><strong>οἱ</strong></span> <span class='ocrx_word' id='word_1_329' title='bbox 594 4208 657 4291; x_wconf 81' lang='grc' dir='ltr'><strong>μὲν</strong></span> <span class='ocrx_word' id='word_1_330' title='bbox 678 4213 749 4274; x_wconf 73' lang='grc' dir='ltr'><strong><em>νέοι</em></strong></span> <span class='ocrx_word' id='word_1_331' title='bbox 773 4206 928 4295; x_wconf 75' lang='grc' dir='ltr'><strong>ἐξηγηταί</strong></span> <span class='ocrx_word' id='word_1_332' title='bbox 951 4230 1058 4294; x_wconf 79' lang='grc' dir='ltr'><strong><em>φασιν</em></strong></span> <span class='ocrx_word' id='word_1_333' title='bbox 1079 4203 1119 4274; x_wconf 81' lang='grc' dir='ltr'><strong>οὐ</strong></span> <span class='ocrx_word' id='word_1_334' title='bbox 1142 4203 1202 4294; x_wconf 71' lang='grc' dir='ltr'><strong>τὴν</strong></span> <span class='ocrx_word' id='word_1_335' title='bbox 1220 4200 1432 4292; x_wconf 62' lang='grc' dir='ltr'><strong><em>ἀκάθαρτον,</em></strong></span> 
     </span>
     <span class='ocr_line' id='line_1_38' title="bbox 304 4308 1436 4398; baseline -0.002 -21"><span class='ocrx_word' id='word_1_336' title='bbox 304 4308 389 4378; x_wconf 77' lang='grc' dir='ltr'><em>ἀλλὰ</em></span> <span class='ocrx_word' id='word_1_337' title='bbox 411 4309 472 4398; x_wconf 67' lang='grc' dir='ltr'><strong>τὴν</strong></span> <span class='ocrx_word' id='word_1_338' title='bbox 494 4310 731 4397; x_wconf 78' lang='grc' dir='ltr'><strong><em>φοοικωτάτην</em></strong></span> <span class='ocrx_word' id='word_1_339' title='bbox 753 4308 959 4376; x_wconf 75' lang='grc' dir='ltr'><strong><em>κατάστασιν</em></strong></span> <span class='ocrx_word' id='word_1_340' title='bbox 981 4311 1114 4378; x_wconf 77' lang='lat' dir='ltr'><strong>Cosmus</strong></span> <span class='ocrx_word' id='word_1_341' title='bbox 1129 4312 1151 4375; x_wconf 95' lang='lat' dir='ltr'><strong>l.</strong></span> <span class='ocrx_word' id='word_1_342' title='bbox 1170 4311 1193 4375; x_wconf 92' lang='lat' dir='ltr'><strong>l.</strong></span> <span class='ocrx_word' id='word_1_343' title='bbox 1233 4309 1436 4376; x_wconf 79' lang='grc' dir='ltr'><strong>(10111111Βί1-</strong></span> 
     </span>
    </p>
   </div>
   <div class='ocr_carea' id='block_1_3' title="bbox 0 0 1629 4928">
    <p class='ocr_par' dir='ltr' id='par_1_3' title="bbox 0 0 1629 4928">
     <span class='ocr_line' id='line_1_39' title="bbox 0 0 1629 4928; baseline 0 0"><span class='ocrx_word' id='word_1_344' title='bbox 0 0 1629 4928; x_wconf 95' lang='lat' dir='ltr'><strong> </strong></span> 
     </span>
    </p>
   </div>
  </div>
 </body>
</html>
