<?xml version="1.0" encoding="UTF-8"?>
<!DOCTYPE html PUBLIC "-//W3C//DTD XHTML 1.0 Transitional//EN"
    "http://www.w3.org/TR/xhtml1/DTD/xhtml1-transitional.dtd">
<html xmlns="http://www.w3.org/1999/xhtml" xml:lang="en" lang="en">
 <head>
  <title>
</title>
<meta http-equiv="Content-Type" content="text/html;charset=utf-8" />
  <meta name='ocr-system' content='tesseract 3.04.00' />
  <meta name='ocr-capabilities' content='ocr_page ocr_carea ocr_par ocr_line ocrx_word'/>
</head>
<body>
  <div class='ocr_page' id='page_1' title='image "./dissertationesp02stragoog_0508.png"; bbox 0 0 3274 4934; ppageno 0'>
   <div class='ocr_carea' id='block_1_1' title="bbox 483 412 1312 496">
    <p class='ocr_par' dir='ltr' id='par_1_1' title="bbox 483 412 1312 496">
     <span class='ocr_line' id='line_1_1' title="bbox 483 412 1312 496; baseline 0.006 -28"><span class='ocrx_word' id='word_1_1' title='bbox 483 449 487 468; x_wconf 88' lang='grc'><strong>,</strong></span> <span class='ocrx_word' id='word_1_2' title='bbox 612 449 656 460; x_wconf 85' lang='grc'>-</span> <span class='ocrx_word' id='word_1_3' title='bbox 703 413 788 496; x_wconf 81' lang='lat'>[215]</span> <span class='ocrx_word' id='word_1_4' title='bbox 837 447 877 458; x_wconf 92' lang='lat'><em>-</em></span> <span class='ocrx_word' id='word_1_5' title='bbox 1273 412 1312 474; x_wconf 82' lang='lat'>13</span> 
     </span>
    </p>
   </div>
   <div class='ocr_carea' id='block_1_2' title="bbox 176 599 1313 1308">
    <p class='ocr_par' dir='ltr' id='par_1_2' title="bbox 176 599 1313 1308">
     <span class='ocr_line' id='line_1_2' title="bbox 177 599 1307 681; baseline -0.007 -10"><span class='ocrx_word' id='word_1_6' title='bbox 177 625 246 671; x_wconf 91' lang='lat' dir='ltr'>sum</span> <span class='ocrx_word' id='word_1_7' title='bbox 270 605 431 670; x_wconf 89' lang='lat' dir='ltr'>heroicum</span> <span class='ocrx_word' id='word_1_8' title='bbox 460 610 493 668; x_wconf 93' lang='lat' dir='ltr'>et</span> <span class='ocrx_word' id='word_1_9' title='bbox 520 602 696 668; x_wconf 85' lang='lat' dir='ltr'>trimetrum</span> <span class='ocrx_word' id='word_1_10' title='bbox 717 601 900 668; x_wconf 88' lang='lat' dir='ltr'>iambicum.</span> <span class='ocrx_word' id='word_1_11' title='bbox 947 601 985 667; x_wconf 93' lang='lat' dir='ltr'>ln</span> <span class='ocrx_word' id='word_1_12' title='bbox 1007 599 1136 666; x_wconf 81' lang='lat' dir='ltr'>Homeri</span> <span class='ocrx_word' id='word_1_13' title='bbox 1159 599 1239 666; x_wconf 89' lang='lat' dir='ltr'>libro</span> <span class='ocrx_word' id='word_1_14' title='bbox 1266 605 1307 681; x_wconf 88' lang='lat' dir='ltr'>N,</span> 
     </span>
     <span class='ocr_line' id='line_1_3' title="bbox 176 703 1312 792; baseline -0.004 -19"><span class='ocrx_word' id='word_1_15' title='bbox 176 709 231 792; x_wconf 87' lang='lat' dir='ltr'>qui</span> <span class='ocrx_word' id='word_1_16' title='bbox 253 709 394 773; x_wconf 89' lang='lat' dir='ltr'>continet</span> <span class='ocrx_word' id='word_1_17' title='bbox 416 707 618 772; x_wconf 83' lang='lat' dir='ltr'>hexametros</span> <span class='ocrx_word' id='word_1_18' title='bbox 641 708 721 787; x_wconf 83' lang='lat'>835,</span> <span class='ocrx_word' id='word_1_19' title='bbox 755 723 868 770; x_wconf 90' lang='lat' dir='ltr'>versus</span> <span class='ocrx_word' id='word_1_20' title='bbox 893 707 953 768; x_wconf 77' lang='lat' dir='ltr'>tun</span> <span class='ocrx_word' id='word_1_21' title='bbox 982 703 1101 770; x_wconf 90' lang='lat' dir='ltr'>cadunt</span> <span class='ocrx_word' id='word_1_22' title='bbox 1128 704 1161 768; x_wconf 96' lang='lat' dir='ltr'>in</span> <span class='ocrx_word' id='word_1_23' title='bbox 1183 704 1312 770; x_wconf 87' lang='lat' dir='ltr'>brevem</span> 
     </span>
     <span class='ocr_line' id='line_1_4' title="bbox 177 808 1312 896; baseline -0.004 -20"><span class='ocrx_word' id='word_1_24' title='bbox 177 817 336 896; x_wconf 80' lang='lat' dir='ltr'>apertam3</span> <span class='ocrx_word' id='word_1_25' title='bbox 368 812 401 874; x_wconf 94' lang='lat' dir='ltr'>in</span> <span class='ocrx_word' id='word_1_26' title='bbox 429 808 558 892; x_wconf 83' lang='lat' dir='ltr'>dialogo</span> <span class='ocrx_word' id='word_1_27' title='bbox 585 810 753 874; x_wconf 80' lang='lat' dir='ltr'>Persarum</span> <span class='ocrx_word' id='word_1_28' title='bbox 785 808 1003 892; x_wconf 81' lang='lat' dir='ltr'>Aeschyleac,</span> <span class='ocrx_word' id='word_1_29' title='bbox 1036 808 1090 890; x_wconf 90' lang='lat' dir='ltr'>qui</span> <span class='ocrx_word' id='word_1_30' title='bbox 1119 813 1312 874; x_wconf 81' lang='lat' dir='ltr'>constater</span> 
     </span>
     <span class='ocr_line' id='line_1_5' title="bbox 178 910 1311 981; baseline -0.004 -2"><span class='ocrx_word' id='word_1_31' title='bbox 178 915 327 981; x_wconf 85' lang='lat' dir='ltr'>trimetris</span> <span class='ocrx_word' id='word_1_32' title='bbox 360 912 506 978; x_wconf 80' lang='lat' dir='ltr'>iambicis</span> <span class='ocrx_word' id='word_1_33' title='bbox 539 919 572 978; x_wconf 91' lang='lat' dir='ltr'>ct</span> <span class='ocrx_word' id='word_1_34' title='bbox 602 912 795 978; x_wconf 86' lang='lat' dir='ltr'>tetrametris</span> <span class='ocrx_word' id='word_1_35' title='bbox 827 910 997 978; x_wconf 76' lang='lat' dir='ltr'>trochaicis</span> <span class='ocrx_word' id='word_1_36' title='bbox 1026 910 1219 977; x_wconf 86' lang='lat' dir='ltr'>catalecticis</span> <span class='ocrx_word' id='word_1_37' title='bbox 1249 915 1311 974; x_wconf 86' lang='grc'>500</span> 
     </span>
     <span class='ocr_line' id='line_1_6' title="bbox 184 1012 1313 1100; baseline -0.003 -18"><span class='ocrx_word' id='word_1_38' title='bbox 184 1019 268 1100; x_wconf 53' lang='lat' dir='ltr'>ilicet</span> <span class='ocrx_word' id='word_1_39' title='bbox 291 1017 386 1098; x_wconf 90' lang='lat' dir='ltr'>enim,</span> <span class='ocrx_word' id='word_1_40' title='bbox 413 1016 468 1082; x_wconf 92' lang='lat' dir='ltr'>ubi</span> <span class='ocrx_word' id='word_1_41' title='bbox 491 1015 532 1082; x_wconf 87' lang='lat' dir='ltr'>‹le</span> <span class='ocrx_word' id='word_1_42' title='bbox 554 1015 617 1081; x_wconf 91' lang='lat' dir='ltr'>fine</span> <span class='ocrx_word' id='word_1_43' title='bbox 640 1035 788 1082; x_wconf 84' lang='lat' dir='ltr'>versuum</span> <span class='ocrx_word' id='word_1_44' title='bbox 811 1014 958 1098; x_wconf 89' lang='lat' dir='ltr'>quaestio</span> <span class='ocrx_word' id='word_1_45' title='bbox 979 1021 1037 1094; x_wconf 88' lang='lat' dir='ltr'>est,</span> <span class='ocrx_word' id='word_1_46' title='bbox 1068 1012 1148 1080; x_wconf 88' lang='lat' dir='ltr'>haec</span> <span class='ocrx_word' id='word_1_47' title='bbox 1170 1014 1233 1080; x_wconf 93' lang='lat' dir='ltr'>duo</span> <span class='ocrx_word' id='word_1_48' title='bbox 1254 1034 1313 1098; x_wconf 83' lang='lat' dir='ltr'>ge-</span> 
     </span>
     <span class='ocr_line' id='line_1_7' title="bbox 177 1118 1307 1202; baseline -0.004 -16"><span class='ocrx_word' id='word_1_49' title='bbox 177 1142 255 1188; x_wconf 91' lang='lat' dir='ltr'>nera</span> <span class='ocrx_word' id='word_1_50' title='bbox 283 1129 454 1186; x_wconf 87' lang='lat' dir='ltr'>metrorum</span> <span class='ocrx_word' id='word_1_51' title='bbox 483 1119 682 1198; x_wconf 87' lang='lat' dir='ltr'>consociare,</span> <span class='ocrx_word' id='word_1_52' title='bbox 720 1119 869 1202; x_wconf 90' lang='lat' dir='ltr'>quoniam</span> <span class='ocrx_word' id='word_1_53' title='bbox 899 1119 1063 1202; x_wconf 88' lang='lat' dir='ltr'>utriusque</span> <span class='ocrx_word' id='word_1_54' title='bbox 1091 1136 1166 1202; x_wconf 83' lang='lat' dir='ltr'>pars</span> <span class='ocrx_word' id='word_1_55' title='bbox 1195 1118 1307 1196; x_wconf 87' lang='lat' dir='ltr'>altera,</span> 
     </span>
     <span class='ocr_line' id='line_1_8' title="bbox 178 1221 850 1308; baseline -0.009 -17"><span class='ocrx_word' id='word_1_56' title='bbox 178 1245 260 1307; x_wconf 90' lang='lat' dir='ltr'>quae</span> <span class='ocrx_word' id='word_1_57' title='bbox 282 1231 355 1308; x_wconf 88' lang='lat' dir='ltr'>post</span> <span class='ocrx_word' id='word_1_58' title='bbox 376 1243 540 1289; x_wconf 88' lang='lat' dir='ltr'>caesuram</span> <span class='ocrx_word' id='word_1_59' title='bbox 564 1229 622 1304; x_wconf 85' lang='lat' dir='ltr'>est,</span> <span class='ocrx_word' id='word_1_60' title='bbox 649 1221 763 1288; x_wconf 90' lang='lat' dir='ltr'>eadem</span> <span class='ocrx_word' id='word_1_61' title='bbox 785 1229 850 1289; x_wconf 88' lang='lat' dir='ltr'>est:</span> 
     </span>
    </p>
   </div>
   <div class='ocr_carea' id='block_1_3' title="bbox 129 1326 1313 2943">
    <p class='ocr_par' dir='ltr' id='par_1_3' title="bbox 129 1326 1313 2943">
     <span class='ocr_line' id='line_1_9' title="bbox 603 1326 1042 1406; baseline 0.002 -34"><span class='ocrx_word' id='word_1_62' title='bbox 603 1361 626 1372; x_wconf 86' lang='lat'>..</span> <span class='ocrx_word' id='word_1_63' title='bbox 682 1363 705 1371; x_wconf 86' lang='lat'>-</span> <span class='ocrx_word' id='word_1_64' title='bbox 749 1375 757 1406; x_wconf 53' lang='lat'>7</span> <span class='ocrx_word' id='word_1_65' title='bbox 782 1361 804 1372; x_wconf 90' lang='lat'>...</span> <span class='ocrx_word' id='word_1_66' title='bbox 861 1363 884 1371; x_wconf 87' lang='lat'>-</span> <span class='ocrx_word' id='word_1_67' title='bbox 940 1362 962 1372; x_wconf 90' lang='lat'>..</span> <span class='ocrx_word' id='word_1_68' title='bbox 977 1343 1003 1374; x_wconf 77' lang='grc' dir='ltr'><strong><em>υ</em></strong></span> <span class='ocrx_word' id='word_1_69' title='bbox 1018 1326 1042 1372; x_wconf 63' lang='lat'><em>3</em></span> 
     </span>
     <span class='ocr_line' id='line_1_10' title="bbox 445 1425 1052 1512; baseline -0.002 -36"><span class='ocrx_word' id='word_1_70' title='bbox 445 1425 755 1512; x_wconf 44' lang='lat' dir='ltr'>,moa-G,</span> <span class='ocrx_word' id='word_1_71' title='bbox 783 1426 1052 1512; x_wconf 66' lang='lat' dir='ltr'>..u-U-v!)</span> 
     </span>
     <span class='ocr_line' id='line_1_11' title="bbox 183 1533 1312 1618; baseline 0 -23"><span class='ocrx_word' id='word_1_72' title='bbox 183 1537 241 1596; x_wconf 81' lang='lat' dir='ltr'>tun</span> <span class='ocrx_word' id='word_1_73' title='bbox 265 1551 376 1599; x_wconf 89' lang='lat' dir='ltr'>versus</span> <span class='ocrx_word' id='word_1_74' title='bbox 399 1533 571 1599; x_wconf 85' lang='lat' dir='ltr'>exeuntia</span> <span class='ocrx_word' id='word_1_75' title='bbox 595 1533 723 1599; x_wconf 87' lang='lat' dir='ltr'>brevem</span> <span class='ocrx_word' id='word_1_76' title='bbox 746 1541 901 1618; x_wconf 85' lang='lat' dir='ltr'>apertam.</span> <span class='ocrx_word' id='word_1_77' title='bbox 948 1533 1014 1598; x_wconf 89' lang='lat' dir='ltr'>Hos</span> <span class='ocrx_word' id='word_1_78' title='bbox 1043 1533 1143 1615; x_wconf 85' lang='lat' dir='ltr'>igitur</span> <span class='ocrx_word' id='word_1_79' title='bbox 1165 1551 1312 1598; x_wconf 89' lang='lat' dir='ltr'>numeros</span> 
     </span>
     <span class='ocr_line' id='line_1_12' title="bbox 129 1637 347 1703; baseline -0.018 -1"><span class='ocrx_word' id='word_1_80' title='bbox 129 1653 132 1660; x_wconf 89' lang='grc'><strong>’</strong></span> <span class='ocrx_word' id='word_1_81' title='bbox 178 1637 347 1703; x_wconf 88' lang='lat' dir='ltr'>evicimus:</span> 
     </span>
     <span class='ocr_line' id='line_1_13' title="bbox 222 1738 1284 1826; baseline -0.001 -21"><span class='ocrx_word' id='word_1_82' title='bbox 222 1740 353 1807; x_wconf 91' lang='lat' dir='ltr'>Pindari</span> <span class='ocrx_word' id='word_1_83' title='bbox 368 1740 517 1826; x_wconf 85' lang='lat' dir='ltr'>epinicia]</span> <span class='ocrx_word' id='word_1_84' title='bbox 539 1745 599 1804; x_wconf 89' lang='grc'>100</span> <span class='ocrx_word' id='word_1_85' title='bbox 619 1765 624 1804; x_wconf 92' lang='lat'>:</span> <span class='ocrx_word' id='word_1_86' title='bbox 645 1741 728 1804; x_wconf 77' lang='grc'><strong>3540</strong></span> <span class='ocrx_word' id='word_1_87' title='bbox 744 1741 796 1807; x_wconf 87' lang='lat' dir='ltr'>vel</span> <span class='ocrx_word' id='word_1_88' title='bbox 833 1742 897 1806; x_wconf 80' lang='lat'>28:</span> <span class='ocrx_word' id='word_1_89' title='bbox 923 1743 1014 1822; x_wconf 93' lang='grc'><strong>1000,</strong></span> <span class='ocrx_word' id='word_1_90' title='bbox 1034 1738 1100 1806; x_wconf 93' lang='lat' dir='ltr'>fere</span> <span class='ocrx_word' id='word_1_91' title='bbox 1116 1741 1158 1824; x_wconf 52' lang='grc' dir='ltr'><strong>ᾗ</strong></span> <span class='ocrx_word' id='word_1_92' title='bbox 1173 1739 1224 1805; x_wconf 85' lang='lat' dir='ltr'>uel</span> <span class='ocrx_word' id='word_1_93' title='bbox 1241 1742 1284 1824; x_wconf 54' lang='lat'>3¹5</span> 
     </span>
     <span class='ocr_line' id='line_1_14' title="bbox 222 1842 1141 1929; baseline 0.001 -22"><span class='ocrx_word' id='word_1_94' title='bbox 222 1843 352 1910; x_wconf 91' lang='lat' dir='ltr'>Homeri</span> <span class='ocrx_word' id='word_1_95' title='bbox 371 1846 421 1927; x_wconf 87' lang='lat' dir='ltr'>N]</span> <span class='ocrx_word' id='word_1_96' title='bbox 543 1845 627 1908; x_wconf 79' lang='lat'>142:</span> <span class='ocrx_word' id='word_1_97' title='bbox 669 1845 730 1908; x_wconf 81' lang='lat'>835</span> <span class='ocrx_word' id='word_1_98' title='bbox 746 1843 798 1910; x_wconf 86' lang='lat' dir='ltr'>vel</span> <span class='ocrx_word' id='word_1_99' title='bbox 818 1846 900 1907; x_wconf 85' lang='grc' dir='ltr'>17οι</span> <span class='ocrx_word' id='word_1_100' title='bbox 924 1846 1017 1926; x_wconf 93' lang='grc'><strong>1000,</strong></span> <span class='ocrx_word' id='word_1_101' title='bbox 1037 1842 1141 1929; x_wconf 55' lang='lat' dir='ltr'>feret</span> 
     </span>
     <span class='ocr_line' id='line_1_15' title="bbox 222 1946 1151 2033; baseline -0.002 -23"><span class='ocrx_word' id='word_1_102' title='bbox 222 1947 376 2033; x_wconf 90' lang='lat' dir='ltr'>Aeschyli</span> <span class='ocrx_word' id='word_1_103' title='bbox 391 1949 521 2030; x_wconf 77' lang='lat' dir='ltr'>Persae]</span> <span class='ocrx_word' id='word_1_104' title='bbox 544 1951 603 2011; x_wconf 86' lang='grc'>105</span> <span class='ocrx_word' id='word_1_105' title='bbox 622 1971 628 2009; x_wconf 90' lang='lat'>:</span> <span class='ocrx_word' id='word_1_106' title='bbox 670 1950 732 2011; x_wconf 86' lang='grc'><strong>590</strong></span> <span class='ocrx_word' id='word_1_107' title='bbox 747 1947 799 2014; x_wconf 86' lang='lat' dir='ltr'>vel</span> <span class='ocrx_word' id='word_1_108' title='bbox 820 1949 877 2011; x_wconf 84' lang='grc'>118</span> <span class='ocrx_word' id='word_1_109' title='bbox 896 1971 901 2010; x_wconf 93' lang='lat'>:</span> <span class='ocrx_word' id='word_1_110' title='bbox 924 1951 1016 2030; x_wconf 91' lang='grc'><strong>1000,</strong></span> <span class='ocrx_word' id='word_1_111' title='bbox 1036 1946 1104 2013; x_wconf 93' lang='lat' dir='ltr'>fere</span> <span class='ocrx_word' id='word_1_112' title='bbox 1119 1948 1151 2032; x_wconf 56' lang='lat' dir='ltr'>p.</span> 
     </span>
     <span class='ocr_line' id='line_1_16' title="bbox 179 2049 1313 2137; baseline 0 -23"><span class='ocrx_word' id='word_1_113' title='bbox 179 2050 228 2114; x_wconf 81' lang='lat' dir='ltr'>En</span> <span class='ocrx_word' id='word_1_114' title='bbox 251 2069 315 2132; x_wconf 91' lang='lat' dir='ltr'>qua</span> <span class='ocrx_word' id='word_1_115' title='bbox 337 2051 571 2137; x_wconf 87' lang='lat' dir='ltr'>computatione</span> <span class='ocrx_word' id='word_1_116' title='bbox 592 2050 791 2134; x_wconf 84' lang='lat' dir='ltr'>intellegitur</span> <span class='ocrx_word' id='word_1_117' title='bbox 812 2049 985 2116; x_wconf 84' lang='lat' dir='ltr'>Pindarum</span> <span class='ocrx_word' id='word_1_118' title='bbox 1011 2049 1215 2134; x_wconf 89' lang='lat' dir='ltr'>aliquatenus</span> <span class='ocrx_word' id='word_1_119' title='bbox 1237 2069 1313 2115; x_wconf 92' lang='lat' dir='ltr'>con-</span> 
     </span>
     <span class='ocr_line' id='line_1_17' title="bbox 179 2152 1313 2239; baseline 0 -22"><span class='ocrx_word' id='word_1_120' title='bbox 179 2153 263 2218; x_wconf 89' lang='lat' dir='ltr'>sulto</span> <span class='ocrx_word' id='word_1_121' title='bbox 291 2153 517 2218; x_wconf 89' lang='lat' dir='ltr'>reformidasse</span> <span class='ocrx_word' id='word_1_122' title='bbox 545 2153 666 2220; x_wconf 80' lang='lat' dir='ltr'>exitum</span> <span class='ocrx_word' id='word_1_123' title='bbox 695 2173 843 2219; x_wconf 87' lang='lat' dir='ltr'>versuum</span> <span class='ocrx_word' id='word_1_124' title='bbox 870 2153 917 2219; x_wconf 88' lang='lat' dir='ltr'>ita</span> <span class='ocrx_word' id='word_1_125' title='bbox 939 2159 1170 2239; x_wconf 88' lang='lat' dir='ltr'>comparatum,</span> <span class='ocrx_word' id='word_1_126' title='bbox 1205 2160 1241 2218; x_wconf 93' lang='lat' dir='ltr'>ut</span> <span class='ocrx_word' id='word_1_127' title='bbox 1263 2152 1313 2217; x_wconf 95' lang='lat' dir='ltr'>ul-</span> 
     </span>
     <span class='ocr_line' id='line_1_18' title="bbox 179 2255 1312 2341; baseline 0.001 -22"><span class='ocrx_word' id='word_1_128' title='bbox 179 2255 259 2321; x_wconf 89' lang='lat' dir='ltr'>tima</span> <span class='ocrx_word' id='word_1_129' title='bbox 286 2256 415 2341; x_wconf 85' lang='lat' dir='ltr'>syllaba</span> <span class='ocrx_word' id='word_1_130' title='bbox 443 2255 572 2322; x_wconf 85' lang='lat' dir='ltr'>caderet</span> <span class='ocrx_word' id='word_1_131' title='bbox 600 2256 632 2321; x_wconf 96' lang='lat' dir='ltr'>in</span> <span class='ocrx_word' id='word_1_132' title='bbox 661 2257 790 2323; x_wconf 86' lang='lat' dir='ltr'>breuem</span> <span class='ocrx_word' id='word_1_133' title='bbox 817 2257 961 2323; x_wconf 84' lang='lat' dir='ltr'>vocalem</span> <span class='ocrx_word' id='word_1_134' title='bbox 983 2263 1138 2341; x_wconf 87' lang='lat' dir='ltr'>apertam.</span> <span class='ocrx_word' id='word_1_135' title='bbox 1185 2255 1256 2334; x_wconf 85' lang='lat' dir='ltr'>Qua</span> <span class='ocrx_word' id='word_1_136' title='bbox 1278 2276 1312 2321; x_wconf 89' lang='lat' dir='ltr'>re</span> 
     </span>
     <span class='ocr_line' id='line_1_19' title="bbox 178 2359 1313 2444; baseline -0.001 -19"><span class='ocrx_word' id='word_1_137' title='bbox 178 2360 325 2425; x_wconf 89' lang='lat' dir='ltr'>commoti</span> <span class='ocrx_word' id='word_1_138' title='bbox 353 2359 500 2425; x_wconf 89' lang='lat' dir='ltr'>dedimus</span> <span class='ocrx_word' id='word_1_139' title='bbox 529 2360 602 2426; x_wconf 91' lang='lat' dir='ltr'>huie</span> <span class='ocrx_word' id='word_1_140' title='bbox 631 2359 732 2425; x_wconf 84' lang='lat' dir='ltr'>exitui</span> <span class='ocrx_word' id='word_1_141' title='bbox 759 2380 875 2426; x_wconf 93' lang='lat' dir='ltr'>nomen</span> <span class='ocrx_word' id='word_1_142' title='bbox 903 2359 1157 2444; x_wconf 87' lang='lat' dir='ltr'>imperfecti,</span> <span class='ocrx_word' id='word_1_143' title='bbox 1199 2359 1245 2424; x_wconf 88' lang='lat' dir='ltr'>ita</span> <span class='ocrx_word' id='word_1_144' title='bbox 1278 2365 1313 2424; x_wconf 92' lang='lat' dir='ltr'>ut</span> 
     </span>
     <span class='ocr_line' id='line_1_20' title="bbox 180 2462 1312 2548; baseline 0 -20"><span class='ocrx_word' id='word_1_145' title='bbox 180 2463 284 2529; x_wconf 82' lang='lat' dir='ltr'>exitus</span> <span class='ocrx_word' id='word_1_146' title='bbox 315 2463 528 2548; x_wconf 87' lang='lat' dir='ltr'>perfectus</span> <span class='ocrx_word' id='word_1_147' title='bbox 556 2463 647 2530; x_wconf 89' lang='lat' dir='ltr'>nobis</span> <span class='ocrx_word' id='word_1_148' title='bbox 676 2463 705 2528; x_wconf 92' lang='lat' dir='ltr'>is</span> <span class='ocrx_word' id='word_1_149' title='bbox 734 2463 791 2546; x_wconf 81' lang='lat' dir='ltr'>sit,</span> <span class='ocrx_word' id='word_1_150' title='bbox 828 2463 883 2545; x_wconf 89' lang='lat' dir='ltr'>qui</span> <span class='ocrx_word' id='word_1_151' title='bbox 916 2462 1068 2530; x_wconf 84' lang='lat' dir='ltr'>formetur</span> <span class='ocrx_word' id='word_1_152' title='bbox 1100 2470 1155 2529; x_wconf 88' lang='lat' dir='ltr'>aut</span> <span class='ocrx_word' id='word_1_153' title='bbox 1184 2464 1312 2548; x_wconf 88' lang='lat' dir='ltr'>syllaba</span> 
     </span>
     <span class='ocr_line' id='line_1_21' title="bbox 180 2567 1306 2654; baseline -0.001 -23"><span class='ocrx_word' id='word_1_154' title='bbox 180 2567 277 2649; x_wconf 86' lang='lat' dir='ltr'>longa</span> <span class='ocrx_word' id='word_1_155' title='bbox 300 2567 410 2632; x_wconf 91' lang='lat' dir='ltr'>clausa</span> <span class='ocrx_word' id='word_1_156' title='bbox 437 2569 475 2652; x_wconf 82' lang='lat' dir='ltr'>(e.</span> <span class='ocrx_word' id='word_1_157' title='bbox 501 2587 533 2650; x_wconf 81' lang='lat' dir='ltr'>g.</span> <span class='ocrx_word' id='word_1_158' title='bbox 560 2567 627 2653; x_wconf 79' lang='grc' dir='ltr'>της)</span> <span class='ocrx_word' id='word_1_159' title='bbox 654 2575 710 2632; x_wconf 91' lang='lat' dir='ltr'>aut</span> <span class='ocrx_word' id='word_1_160' title='bbox 732 2567 861 2652; x_wconf 88' lang='lat' dir='ltr'>syllaba</span> <span class='ocrx_word' id='word_1_161' title='bbox 883 2567 981 2650; x_wconf 85' lang='lat' dir='ltr'>longa</span> <span class='ocrx_word' id='word_1_162' title='bbox 1003 2573 1115 2652; x_wconf 88' lang='lat' dir='ltr'>aperta</span> <span class='ocrx_word' id='word_1_163' title='bbox 1139 2568 1181 2650; x_wconf 82' lang='lat' dir='ltr'>(e.</span> <span class='ocrx_word' id='word_1_164' title='bbox 1199 2587 1232 2651; x_wconf 85' lang='lat' dir='ltr'>g.</span> <span class='ocrx_word' id='word_1_165' title='bbox 1258 2571 1306 2654; x_wconf 76' lang='grc' dir='ltr'>τη)</span> 
     </span>
     <span class='ocr_line' id='line_1_22' title="bbox 178 2670 859 2755; baseline -0.003 -21"><span class='ocrx_word' id='word_1_166' title='bbox 178 2675 234 2734; x_wconf 90' lang='lat' dir='ltr'>aut</span> <span class='ocrx_word' id='word_1_167' title='bbox 255 2670 383 2754; x_wconf 90' lang='lat' dir='ltr'>syllaba</span> <span class='ocrx_word' id='word_1_168' title='bbox 404 2671 494 2736; x_wconf 90' lang='lat' dir='ltr'>brevi</span> <span class='ocrx_word' id='word_1_169' title='bbox 516 2671 628 2736; x_wconf 91' lang='lat' dir='ltr'>clausa</span> <span class='ocrx_word' id='word_1_170' title='bbox 652 2671 693 2752; x_wconf 79' lang='lat' dir='ltr'>(e.</span> <span class='ocrx_word' id='word_1_171' title='bbox 718 2691 752 2755; x_wconf 81' lang='lat' dir='ltr'>g.</span> <span class='ocrx_word' id='word_1_172' title='bbox 777 2673 859 2754; x_wconf 85' lang='grc' dir='ltr'>τος).</span> 
     </span>
     <span class='ocr_line' id='line_1_23' title="bbox 264 2763 1313 2858; baseline 0.001 -21"><span class='ocrx_word' id='word_1_173' title='bbox 264 2771 417 2857; x_wconf 80' lang='lat' dir='ltr'>Figuram</span> <span class='ocrx_word' id='word_1_174' title='bbox 447 2763 660 2858; x_wconf 83' lang='lat' dir='ltr'>rhythmicam</span> <span class='ocrx_word' id='word_1_175' title='bbox 690 2773 795 2838; x_wconf 85' lang='lat' dir='ltr'>exitus</span> <span class='ocrx_word' id='word_1_176' title='bbox 825 2773 984 2857; x_wconf 85' lang='lat' dir='ltr'>spectanti</span> <span class='ocrx_word' id='word_1_177' title='bbox 1014 2771 1217 2842; x_wconf 86' lang='lat' dir='ltr'>discernendi</span> <span class='ocrx_word' id='word_1_178' title='bbox 1239 2779 1313 2838; x_wconf 90' lang='lat' dir='ltr'>sunt</span> 
     </span>
     <span class='ocr_line' id='line_1_24' title="bbox 178 2875 1310 2943; baseline -0.001 -2"><span class='ocrx_word' id='word_1_179' title='bbox 178 2875 283 2941; x_wconf 85' lang='lat' dir='ltr'>exitus</span> <span class='ocrx_word' id='word_1_180' title='bbox 305 2876 500 2942; x_wconf 89' lang='lat' dir='ltr'>masculinus</span> <span class='ocrx_word' id='word_1_181' title='bbox 523 2882 556 2943; x_wconf 91' lang='lat' dir='ltr'>ct</span> <span class='ocrx_word' id='word_1_182' title='bbox 577 2876 681 2942; x_wconf 85' lang='lat' dir='ltr'>exitus</span> <span class='ocrx_word' id='word_1_183' title='bbox 704 2875 891 2942; x_wconf 91' lang='lat' dir='ltr'>femininus:</span> <span class='ocrx_word' id='word_1_184' title='bbox 927 2875 1124 2942; x_wconf 87' lang='lat' dir='ltr'>masculinus</span> <span class='ocrx_word' id='word_1_185' title='bbox 1153 2883 1260 2943; x_wconf 85' lang='lat' dir='ltr'>antem</span> <span class='ocrx_word' id='word_1_186' title='bbox 1282 2877 1310 2940; x_wconf 94' lang='lat' dir='ltr'>is</span> 
     </span>
    </p>
   </div>
   <div class='ocr_carea' id='block_1_4' title="bbox 177 2965 1312 3802">
    <p class='ocr_par' dir='ltr' id='par_1_4' title="bbox 177 2965 1311 3186">
     <span class='ocr_line' id='line_1_25' title="bbox 177 2965 1311 3082; baseline 0.001 -21"><span class='ocrx_word' id='word_1_187' title='bbox 177 3001 237 3079; x_wconf 86' lang='lat' dir='ltr'>est,</span> <span class='ocrx_word' id='word_1_188' title='bbox 263 2995 354 3062; x_wconf 90' lang='lat' dir='ltr'>cuius</span> <span class='ocrx_word' id='word_1_189' title='bbox 376 2996 574 3082; x_wconf 86' lang='lat' dir='ltr'>paenultima</span> <span class='ocrx_word' id='word_1_190' title='bbox 595 2997 723 3082; x_wconf 86' lang='lat' dir='ltr'>syllaba</span> <span class='ocrx_word' id='word_1_191' title='bbox 745 2997 826 3063; x_wconf 88' lang='lat' dir='ltr'>arsis</span> <span class='ocrx_word' id='word_1_192' title='bbox 849 3004 898 3062; x_wconf 90' lang='lat' dir='ltr'>est</span> <span class='ocrx_word' id='word_1_193' title='bbox 925 2965 1022 3081; x_wconf 58' lang='lat'>(⁸12⁵),</span> <span class='ocrx_word' id='word_1_194' title='bbox 1049 2995 1220 3063; x_wconf 88' lang='lat' dir='ltr'>femininus</span> <span class='ocrx_word' id='word_1_195' title='bbox 1235 3017 1311 3062; x_wconf 91' lang='lat' dir='ltr'>con-</span> 
     </span>
     <span class='ocr_line' id='line_1_26' title="bbox 178 3096 1134 3186; baseline 0.002 -24"><span class='ocrx_word' id='word_1_196' title='bbox 178 3105 226 3163; x_wconf 88' lang='lat' dir='ltr'>tra</span> <span class='ocrx_word' id='word_1_197' title='bbox 247 3099 287 3181; x_wconf 86' lang='lat' dir='ltr'>is,</span> <span class='ocrx_word' id='word_1_198' title='bbox 314 3098 404 3165; x_wconf 88' lang='lat' dir='ltr'>cuius</span> <span class='ocrx_word' id='word_1_199' title='bbox 427 3100 625 3186; x_wconf 88' lang='lat' dir='ltr'>paenultima</span> <span class='ocrx_word' id='word_1_200' title='bbox 647 3101 775 3185; x_wconf 90' lang='lat' dir='ltr'>syllaba</span> <span class='ocrx_word' id='word_1_201' title='bbox 796 3099 898 3166; x_wconf 89' lang='lat' dir='ltr'>thesis</span> <span class='ocrx_word' id='word_1_202' title='bbox 922 3107 971 3166; x_wconf 87' lang='lat' dir='ltr'>est</span> <span class='ocrx_word' id='word_1_203' title='bbox 999 3101 1030 3182; x_wconf 83' lang='lat'>(-&#39;</span> <span class='ocrx_word' id='word_1_204' title='bbox 1045 3096 1080 3182; x_wconf 69' lang='grc' dir='ltr'>ὖ)</span> <span class='ocrx_word' id='word_1_205' title='bbox 1111 3103 1134 3184; x_wconf 93' lang='grc'>).</span> 
     </span>
    </p>

    <p class='ocr_par' dir='ltr' id='par_1_5' title="bbox 177 3201 1312 3802">
     <span class='ocr_line' id='line_1_27' title="bbox 263 3201 1311 3286; baseline 0.006 -22"><span class='ocrx_word' id='word_1_206' title='bbox 263 3201 332 3266; x_wconf 86' lang='grc'>100</span> <span class='ocrx_word' id='word_1_207' title='bbox 343 3221 534 3286; x_wconf 89' lang='lat' dir='ltr'>quamquam</span> <span class='ocrx_word' id='word_1_208' title='bbox 547 3222 660 3270; x_wconf 87' lang='lat' dir='ltr'>versus</span> <span class='ocrx_word' id='word_1_209' title='bbox 675 3202 822 3270; x_wconf 91' lang='lat' dir='ltr'>heroicus</span> <span class='ocrx_word' id='word_1_210' title='bbox 837 3202 999 3284; x_wconf 85' lang='lat' dir='ltr'>feminino,</span> <span class='ocrx_word' id='word_1_211' title='bbox 1018 3223 1130 3268; x_wconf 88' lang='lat' dir='ltr'>versus</span> <span class='ocrx_word' id='word_1_212' title='bbox 1145 3203 1311 3270; x_wconf 90' lang='lat' dir='ltr'>scaenicus</span> 
     </span>
     <span class='ocr_line' id='line_1_28' title="bbox 179 3304 1312 3390; baseline 0.003 -23"><span class='ocrx_word' id='word_1_213' title='bbox 179 3304 356 3369; x_wconf 89' lang='lat' dir='ltr'>masculino</span> <span class='ocrx_word' id='word_1_214' title='bbox 379 3305 570 3390; x_wconf 89' lang='lat' dir='ltr'>conspicuus</span> <span class='ocrx_word' id='word_1_215' title='bbox 593 3313 642 3373; x_wconf 90' lang='lat' dir='ltr'>est</span> <span class='ocrx_word' id='word_1_216' title='bbox 663 3306 767 3389; x_wconf 84' lang='lat' dir='ltr'>exitu,</span> <span class='ocrx_word' id='word_1_217' title='bbox 801 3313 896 3390; x_wconf 86' lang='lat' dir='ltr'>atque</span> <span class='ocrx_word' id='word_1_218' title='bbox 925 3306 991 3372; x_wconf 87' lang='lat' dir='ltr'>alia</span> <span class='ocrx_word' id='word_1_219' title='bbox 1020 3306 1157 3372; x_wconf 86' lang='lat' dir='ltr'>dialecto</span> <span class='ocrx_word' id='word_1_220' title='bbox 1182 3313 1312 3372; x_wconf 91' lang='lat' dir='ltr'>utuntur</span> 
     </span>
     <span class='ocr_line' id='line_1_29' title="bbox 177 3406 1310 3495; baseline 0.003 -25"><span class='ocrx_word' id='word_1_221' title='bbox 177 3406 260 3491; x_wconf 92' lang='lat' dir='ltr'>epici</span> <span class='ocrx_word' id='word_1_222' title='bbox 276 3407 342 3472; x_wconf 91' lang='lat' dir='ltr'>alia</span> <span class='ocrx_word' id='word_1_223' title='bbox 356 3407 470 3492; x_wconf 82' lang='lat' dir='ltr'>tragici</span> <span class='ocrx_word' id='word_1_224' title='bbox 485 3415 611 3494; x_wconf 89' lang='lat' dir='ltr'>poetae,</span> <span class='ocrx_word' id='word_1_225' title='bbox 637 3417 744 3475; x_wconf 88' lang='lat' dir='ltr'>tamen</span> <span class='ocrx_word' id='word_1_226' title='bbox 758 3409 915 3475; x_wconf 89' lang='lat' dir='ltr'>Homerus</span> <span class='ocrx_word' id='word_1_227' title='bbox 931 3416 963 3474; x_wconf 89' lang='lat' dir='ltr'>et</span> <span class='ocrx_word' id='word_1_228' title='bbox 977 3409 1158 3495; x_wconf 84' lang='lat' dir='ltr'>Aeschylus</span> <span class='ocrx_word' id='word_1_229' title='bbox 1173 3409 1310 3475; x_wconf 90' lang='lat' dir='ltr'>eundem</span> 
     </span>
     <span class='ocr_line' id='line_1_30' title="bbox 178 3511 1311 3597; baseline 0.004 -24"><span class='ocrx_word' id='word_1_230' title='bbox 178 3529 343 3575; x_wconf 89' lang='lat' dir='ltr'>numerum</span> <span class='ocrx_word' id='word_1_231' title='bbox 367 3511 533 3577; x_wconf 87' lang='lat' dir='ltr'>relativum</span> <span class='ocrx_word' id='word_1_232' title='bbox 557 3512 699 3578; x_wconf 83' lang='lat' dir='ltr'>exituum</span> <span class='ocrx_word' id='word_1_233' title='bbox 721 3511 975 3596; x_wconf 87' lang='lat' dir='ltr'>imperfectorum</span> <span class='ocrx_word' id='word_1_234' title='bbox 999 3513 1119 3579; x_wconf 92' lang='lat' dir='ltr'>habent</span> <span class='ocrx_word' id='word_1_235' title='bbox 1138 3515 1170 3597; x_wconf 66' lang='grc'>,1.</span> <span class='ocrx_word' id='word_1_236' title='bbox 1219 3511 1311 3578; x_wconf 91' lang='lat' dir='ltr'>Unde</span> 
     </span>
     <span class='ocr_line' id='line_1_31' title="bbox 178 3613 1311 3698; baseline 0.003 -21"><span class='ocrx_word' id='word_1_237' title='bbox 178 3621 312 3698; x_wconf 90' lang='lat' dir='ltr'>apparet</span> <span class='ocrx_word' id='word_1_238' title='bbox 333 3613 468 3698; x_wconf 81' lang='lat' dir='ltr'>liguram</span> <span class='ocrx_word' id='word_1_239' title='bbox 491 3614 595 3681; x_wconf 79' lang='lat' dir='ltr'>cuitus</span> <span class='ocrx_word' id='word_1_240' title='bbox 613 3615 732 3680; x_wconf 88' lang='lat' dir='ltr'>nullius</span> <span class='ocrx_word' id='word_1_241' title='bbox 748 3615 899 3680; x_wconf 88' lang='lat' dir='ltr'>momenti</span> <span class='ocrx_word' id='word_1_242' title='bbox 914 3635 985 3682; x_wconf 89' lang='lat' dir='ltr'>esse</span> <span class='ocrx_word' id='word_1_243' title='bbox 1000 3613 1032 3681; x_wconf 91' lang='lat' dir='ltr'>in</span> <span class='ocrx_word' id='word_1_244' title='bbox 1047 3615 1228 3698; x_wconf 84' lang='lat' dir='ltr'>frequentia</span> <span class='ocrx_word' id='word_1_245' title='bbox 1242 3615 1311 3682; x_wconf 82' lang='lat' dir='ltr'>exi-</span> 
     </span>
     <span class='ocr_line' id='line_1_32' title="bbox 177 3715 1077 3802; baseline 0.004 -22"><span class='ocrx_word' id='word_1_246' title='bbox 177 3722 265 3780; x_wconf 93' lang='lat' dir='ltr'>tuum</span> <span class='ocrx_word' id='word_1_247' title='bbox 287 3715 544 3802; x_wconf 89' lang='lat' dir='ltr'>imperfectorum</span> <span class='ocrx_word' id='word_1_248' title='bbox 567 3717 766 3784; x_wconf 89' lang='lat' dir='ltr'>admittenda</span> <span class='ocrx_word' id='word_1_249' title='bbox 787 3717 1077 3786; x_wconf 88' lang='lat' dir='ltr'>reformidandave.</span> 
     </span>
    </p>
   </div>
   <div class='ocr_carea' id='block_1_5' title="bbox 705 3874 777 3958">
    <p class='ocr_par' dir='ltr' id='par_1_6' title="bbox 705 3874 777 3958">
     <span class='ocr_line' id='line_1_33' title="bbox 705 3874 777 3958; baseline -0.014 -19"><span class='ocrx_word' id='word_1_250' title='bbox 705 3874 777 3958; x_wconf 74' lang='lat' dir='ltr'>§a</span> 
     </span>
    </p>
   </div>
   <div class='ocr_carea' id='block_1_6' title="bbox 177 3993 1310 4184">
    <p class='ocr_par' dir='ltr' id='par_1_7' title="bbox 177 3993 1310 4184">
     <span class='ocr_line' id='line_1_34' title="bbox 263 3993 1310 4079; baseline 0.001 -19"><span class='ocrx_word' id='word_1_251' title='bbox 263 3994 342 4060; x_wconf 77' lang='lat' dir='ltr'>(lum</span> <span class='ocrx_word' id='word_1_252' title='bbox 364 3993 604 4078; x_wconf 90' lang='lat' dir='ltr'>circumspectis</span> <span class='ocrx_word' id='word_1_253' title='bbox 618 3993 765 4059; x_wconf 87' lang='lat' dir='ltr'>omnibus</span> <span class='ocrx_word' id='word_1_254' title='bbox 780 3993 876 4060; x_wconf 86' lang='lat' dir='ltr'>rebus</span> <span class='ocrx_word' id='word_1_255' title='bbox 891 3995 1128 4079; x_wconf 91' lang='lat' dir='ltr'>rationibusque</span> <span class='ocrx_word' id='word_1_256' title='bbox 1144 3995 1310 4062; x_wconf 89' lang='lat' dir='ltr'>subductis</span> 
     </span>
     <span class='ocr_line' id='line_1_35' title="bbox 177 4095 1308 4184; baseline 0.003 -23"><span class='ocrx_word' id='word_1_257' title='bbox 177 4096 343 4180; x_wconf 83' lang='lat' dir='ltr'>explorate</span> <span class='ocrx_word' id='word_1_258' title='bbox 372 4096 533 4180; x_wconf 85' lang='lat' dir='ltr'>cognitum</span> <span class='ocrx_word' id='word_1_259' title='bbox 556 4095 732 4162; x_wconf 87' lang='lat' dir='ltr'>habeamus</span> <span class='ocrx_word' id='word_1_260' title='bbox 755 4096 925 4162; x_wconf 89' lang='lat' dir='ltr'>Pindarum</span> <span class='ocrx_word' id='word_1_261' title='bbox 948 4100 1068 4166; x_wconf 86' lang='lat' dir='ltr'>exitum</span> <span class='ocrx_word' id='word_1_262' title='bbox 1090 4099 1308 4184; x_wconf 90' lang='lat' dir='ltr'>imperfectum</span> 
     </span>
    </p>
   </div>
   <div class='ocr_carea' id='block_1_7' title="bbox 175 4251 1311 4406">
    <p class='ocr_par' dir='ltr' id='par_1_8' title="bbox 175 4251 1311 4406">
     <span class='ocr_line' id='line_1_36' title="bbox 245 4251 1311 4320; baseline 0.005 -16"><span class='ocrx_word' id='word_1_263' title='bbox 245 4253 267 4316; x_wconf 74' lang='lat' dir='ltr'>*l</span> <span class='ocrx_word' id='word_1_264' title='bbox 291 4251 322 4304; x_wconf 92' lang='lat' dir='ltr'>ln</span> <span class='ocrx_word' id='word_1_265' title='bbox 341 4251 393 4305; x_wconf 88' lang='lat' dir='ltr'>hac</span> <span class='ocrx_word' id='word_1_266' title='bbox 412 4251 574 4306; x_wconf 90' lang='lat' dir='ltr'>delinitione</span> <span class='ocrx_word' id='word_1_267' title='bbox 593 4252 781 4320; x_wconf 86' lang='lat' dir='ltr'>paenultimac</span> <span class='ocrx_word' id='word_1_268' title='bbox 800 4260 927 4308; x_wconf 87' lang='lat' dir='ltr'>naturam</span> <span class='ocrx_word' id='word_1_269' title='bbox 945 4255 1140 4318; x_wconf 85' lang='lat' dir='ltr'>adhibuimus,</span> <span class='ocrx_word' id='word_1_270' title='bbox 1167 4271 1222 4310; x_wconf 94' lang='lat' dir='ltr'>non</span> <span class='ocrx_word' id='word_1_271' title='bbox 1247 4255 1311 4310; x_wconf 92' lang='lat' dir='ltr'>ulti·</span> 
     </span>
     <span class='ocr_line' id='line_1_37' title="bbox 175 4335 998 4406; baseline 0.004 -17"><span class='ocrx_word' id='word_1_272' title='bbox 175 4351 245 4400; x_wconf 88' lang='lat' dir='ltr'>mae,</span> <span class='ocrx_word' id='word_1_273' title='bbox 265 4353 300 4390; x_wconf 87' lang='lat' dir='ltr'>ex</span> <span class='ocrx_word' id='word_1_274' title='bbox 319 4338 421 4400; x_wconf 85' lang='lat' dir='ltr'>causis,</span> <span class='ocrx_word' id='word_1_275' title='bbox 443 4353 558 4406; x_wconf 79' lang='lat' dir='ltr'>qruarum</span> <span class='ocrx_word' id='word_1_276' title='bbox 577 4335 650 4391; x_wconf 89' lang='lat' dir='ltr'>infra</span> <span class='ocrx_word' id='word_1_277' title='bbox 669 4337 803 4394; x_wconf 82' lang='lat' dir='ltr'>faciemus</span> <span class='ocrx_word' id='word_1_278' title='bbox 822 4339 998 4396; x_wconf 88' lang='lat' dir='ltr'>mentionem.</span> 
     </span>
    </p>
   </div>
   <div class='ocr_carea' id='block_1_8' title="bbox 0 0 1642 4934">
    <p class='ocr_par' dir='ltr' id='par_1_9' title="bbox 0 0 1642 4934">
     <span class='ocr_line' id='line_1_38' title="bbox 0 0 1642 4934; baseline 0 0"><span class='ocrx_word' id='word_1_279' title='bbox 0 0 1642 4934; x_wconf 95' lang='lat' dir='ltr'> </span> 
     </span>
    </p>
   </div>
  </div>
 </body>
</html>
