3226 4932
460 1359 730 1458 culusum
765 1361 979 1460 TERTIA.

153 1576 199 1650 on
217 1576 381 1651 sinuum
395 1575 562 1650 rnorem
581 1575 620 1650 n
639 1575 757 1652 nomo
771 1575 890 1652 mrsu
908 1577 1100 1652 sucorum
1118 1578 1292 1655 oculoru.

682 1780 754 1864 ar.

237 1901 352 1967 Omnia
381 1902 452 1967 cola
481 1902 660 1967 acatalecto
687 1901 720 1966 in
751 1900 867 1966 mediis
889 1901 1035 1967 versibus
1057 1901 1091 1966 in
1114 1903 1290 1988 spondeum

153 2003 239 2070 exire
256 2006 369 2086 solent,
389 2024 446 2090 pro
462 2024 523 2088 quo
539 2023 610 2068 raro
626 2004 756 2089 ponitur
771 2003 941 2070 trochaeus
956 2025 1060 2088 neque
1075 2025 1131 2090 pro
1147 2005 1290 2090 arbitrio,

152 2107 209 2173 sed
239 2109 334 2174 certis
364 2107 492 2191 legibus
516 2107 712 2190 observatis,
746 2127 880 2190 quarum
903 2127 1000 2172 unam
1023 2108 1134 2192 'lycho
1157 2109 1292 2174 Momm-

151 2231 247 2276 senus
278 2211 365 2275 solus
395 2231 436 2276 ex
466 2209 641 2276 editoribus
672 2211 752 2276 bene
781 2209 910 2276 videtur
941 2211 1086 2296 novisse,
1127 2213 1182 2294 qui
1220 2231 1290 2277 eam

152 2315 295 2399 appellat
324 2313 526 2379 »libertatem
549 2314 644 2398 primi
667 2314 872 2398 systematis«
912 2311 996 2394 zJadn.
1022 2315 1091 2378 crit.
1118 2315 1223 2400 suppl.
1248 2315 1290 2380 ad

151 2417 201 2483 Ol.
221 2417 263 2482 ad
279 2415 305 2482 0
322 2417 382 2482 VH
402 2422 412 2480 l
436 2423 468 2482 et
486 2419 549 2501 15).
588 2417 655 2482 Lex
677 2424 785 2482 autem
804 2417 885 2482 haec
902 2423 964 2482 est:
991 2417 1027 2481 ln
1042 2417 1146 2502 prima
1161 2419 1291 2503 stropha

150 2527 182 2586 et
196 2520 230 2584 in
245 2521 348 2606 prima
364 2518 467 2605 epodo
494 2521 603 2603 {multo
620 2520 723 2585 rarius
737 2519 771 2584 in
786 2519 889 2605 prima
904 2521 1113 2604 antistropha)
1141 2521 1292 2586 carminis

151 2623 251 2688 dorici
275 2624 377 2688 colum
402 2624 613 2688 acatalectum
636 2623 773 2705 quodvis
795 2623 885 2688 exire
908 2631 1013 2707 potest
1026 2623 1059 2688 in
1075 2624 1181 2690 medio
1196 2645 1291 2690 versu

147 2727 181 2791 in
202 2727 387 2792 trochaeum
410 2747 466 2811 pro
490 2727 642 2810 spondeo,
669 2727 702 2790 in
726 2727 859 2808 reliquis
882 2733 989 2792 autem
1010 2727 1150 2812 strophis
1166 2735 1199 2794 et
1214 2748 1291 2814 epo-

145 2830 197 2894 dis
227 2831 272 2896 ihi
303 2837 426 2896 tantum
457 2829 641 2896 trochaeum
664 2850 721 2915 pro
744 2829 886 2915 spondeo
909 2850 1028 2914 ponere
1050 2831 1143 2912 licet,
1178 2831 1233 2896 ubi
1256 2831 1289 2897 in

145 2933 250 3018 prima
272 2934 403 3018 stropha
425 2934 477 2998 vel
503 2933 607 3018 epodo
634 2933 816 3016 (ueletiam
840 2933 1048 3018 antistropha)
1081 2935 1203 3018 positus
1227 2945 1288 3000 est.

146 3037 305 3122 Exceptio
328 3057 403 3103 vero
426 3043 476 3102 est
498 3037 597 3102 haec:
624 3037 755 3102 nomina
776 3037 904 3122 propria
919 3045 1074 3102 excusant
1089 3039 1286 3122 trochaeum,

145 3139 274 3204 etiamsi
296 3141 367 3204 loco
391 3139 546 3224 parallelo
570 3139 722 3224 strophae
745 3140 797 3206 vel
821 3139 917 3224 epodi
945 3140 1007 3222 (vel
1024 3141 1120 3205 etiam
1136 3142 1288 3207 antistro-

144 3241 241 3325 phae)
267 3243 390 3326 primae
413 3243 576 3327 spondeus
598 3249 698 3308 extat.

232 3345 326 3410 Nunc
349 3346 493 3429 singulos
515 3345 603 3411 locos
626 3365 890 3430 percenseamus:

235 3451 261 3529 1)
290 3446 387 3513 0111
416 3451 444 3530 (3
469 3451 562 3532 syst.)
595 3453 630 3510 14
680 3447 1183 3512 ...--’ν-“-’-’νν-υυὲ

301 3575 356 3615 επ.
376 3549 405 3614 α’
425 3558 443 3614 4
493 3601 499 3614 .
522 3601 528 3614 .
551 3601 556 3612 .
577 3557 692 3634 παγᾶν
715 3549 842 3616 ἔνεικεν
858 3545 1174 3638 Ἀμφιτρυωνιάδας

234 3657 262 3736 2)
511 3659 548 3718 15
594 3654 968 3718 ,πλάκα-...Η

302 3779 356 3821 επ.
378 3755 407 3820 α’
427 3764 445 3821 5
490 3763 616 3838 μνᾶμα,
631 3764 697 3823 τῶν
716 3751 888 3844 Ὀλυμπίᾳ
908 3807 914 3821 .
936 3810 941 3822 ,
965 3807 971 3820 .

141 3861 283 3927 Codices
312 3869 438 3927 veteres
468 3861 623 3946 praebent
650 3854 838 3946 Ὀλυμπίᾳ,
872 3862 1065 3929 recentiores
1094 3869 1127 3928 et
1151 3863 1293 3930 editores

144 3957 348 4050 Οὐλυμπίᾳ,
382 3984 464 4048 quae
494 3965 598 4030 forma
619 3985 776 4049 nusquam
799 3966 831 4030 in
859 3965 951 4032 libris
974 3965 1137 4031 veteribus
1159 3967 1288 4052 legitur,

140 4069 205 4135 sed
227 4075 355 4154 praeter
377 4075 520 4134 nostrum
543 4069 647 4134 locum
667 4069 839 4152 quinquies
854 4090 875 4134 a
889 4068 1119 4136 recentioribus
1136 4069 1190 4134 vix
1205 4079 1291 4138 recte
1425 4105 1427 4110 ·

138 4157 271 4237 intrusa
293 4177 352 4237 est.
392 4171 518 4237 Nomen
534 4171 619 4237 enim
636 4172 752 4238 montis
768 4171 896 4258 Olympi
913 4192 971 4239 sex
987 4172 1067 4238 locis
1083 4174 1176 4240 metri
1192 4195 1292 4241 causa

139 4295 220 4341 esse
248 4273 344 4340 dehet
377 4269 576 4357 Οὔλυμπος,
614 4295 710 4357 quam
745 4275 879 4341 formam
913 4276 1049 4342 ionicam
1084 4297 1123 4342 ex
1152 4277 1292 4344 Homero
