3274 4934
318 385 358 444 44
754 413 796 423 -
845 377 929 458 [190]
975 411 1019 422 -

320 589 351 635 v.
364 573 381 632 7
395 565 692 652 sqq.Kirehhofiius
708 565 755 631 sie
777 563 959 650 supplevit:
985 614 992 628 .
1007 613 1014 628 .
1027 583 1095 640 ους·
1117 559 1177 627 τὸν
1192 561 1227 626 dl
1245 554 1361 648 b'lpxoc
1375 557 1463 643 ὀμό-

323 695 381 738 σαι
395 671 583 758 Ἀθηναίων
597 669 660 752 μὲν
675 667 745 755 τὴν]
764 666 892 754 βουλὴν
914 667 971 732 καὶ
994 669 1214 734 cnutum
1235 661 1462 752 ddur'yryilov-

321 773 382 863 llys
404 776 460 840 καὶ
482 771 561 850 τοὺς
587 821 708 838 .....
734 765 916 858 dplyovrog
937 767 1015 846 τοὺς
1037 807 1055 820 -
1069 807 1118 820 --
1132 807 1175 830 -.
1223 768 1363 848 Quorum
1385 787 1461 834 ver-

322 899 414 946 suum
437 877 592 963 septimus
615 876 684 942 sine
706 875 803 942 dubio
825 881 911 941 recte
933 874 1081 959 expletus
1097 873 1228 958 triginta
1248 879 1314 938 tres
1333 871 1461 938 litteras

322 981 474 1048 continet.
520 979 633 1062 Neque
666 979 771 1044 minus
794 977 926 1061 triginta
947 984 1013 1043 tres
1035 977 1134 1043 babet
1155 997 1186 1042 v.
1214 981 1250 1040 11
1281 975 1329 1042 ita
1357 976 1462 1061 serip-

322 1093 394 1151 tus:
423 1133 459 1148 ..
486 1106 524 1160 ος
552 1081 637 1147 ἔστω
662 1075 867 1168 Ἀθην[αίοις
898 1075 983 1145 κατὰ
1011 1076 1109 1146 τάδε·
1140 1077 1271 1162 depacti
1299 1081 1379 1162 τοῖς]
1406 1080 1460 1145 vel

320 1191 383 1255 ita:
412 1239 419 1252 .
441 1237 447 1251 .
466 1209 503 1263 ος
518 1185 611 1251 »ἔστω
628 1181 834 1272 §ultimately
857 1184 920 1266 μὲν
942 1177 1017 1249 ὅδε·
1044 1181 1199 1266 ἐμμενεῖν
1217 1185 1313 1266 τοῖς].
1353 1183 1463 1262 Quare

322 1311 352 1357 u.
379 1293 398 1356 8
421 1291 557 1356 fortasse
586 1288 853 1373 interponendum
883 1294 949 1369 est,
982 1287 1067 1370 quod
1097 1285 1278 1353 Schoellius
1306 1306 1357 1352 me
1391 1307 1462 1352 mo-

323 1393 409 1458 nuit:
436 1389 496 1478 τὴν
517 1391 644 1478 βουλὴν
665 1391 722 1455 καὶ
744 1388 837 1473 τ[οὺς
861 1385 1027 1474 ἄρχοντας
1049 1383 1215 1466 ἅπαντας.
1257 1391 1464 1473 Βοττια]ἰων

323 1495 360 1562 δέ
378 1544 386 1559 .
406 1546 413 1560 .
436 1546 444 1560 .
475 1494 528 1560 Ad
549 1514 633 1578 quae
655 1495 755 1560 verbe
777 1492 960 1578 supplenda
982 1499 1014 1559 et
1035 1513 1075 1559 ea
1104 1513 1187 1576 quae
1216 1493 1381 1578 praecedit
1406 1513 1464 1558 ar-

323 1598 561 1683 gumentatione
590 1605 622 1662 et
650 1595 726 1663 inde
755 1595 955 1679 adducimur,
990 1596 1076 1678 quod
1097 1597 1312 1663 Bottiaeorum
1334 1615 1464 1680 quoque

324 1700 356 1767 ol
381 1696 541 1786 ἄρχοντες
561 1700 679 1766 iurant.

408 1803 536 1870 Foedus
559 1822 631 1869 cum
654 1802 860 1868 Haliensibus
884 1822 969 1868 enno
992 1802 1044 1868 Ol.
1063 1805 1117 1885 90,
1146 1809 1159 1865 1
1186 1803 1238 1868 rel
1262 1806 1311 1884 2¹)
1339 1802 1463 1868 sactum

330 1907 374 1989 [C.
392 1907 419 1970 1.
445 1909 486 1971 A.
511 1907 555 1972 IV
580 1909 629 1990 71)
650 1925 691 1972 cx
711 1905 902 1970 Kirchhoifii
920 1905 1152 1990 supplementis
1177 1925 1208 1970 v.
1224 1909 1264 1970 26
1281 1925 1342 1987 sq.‚
1377 1925 1467 1988 quae

325 2010 398 2076 aliis
421 2009 578 2095 exemplis
599 2009 854 2094 comprobantur,
888 2015 1019 2074 senatus
1050 2017 1082 2074 et
1106 2010 1240 2093 strategi
1263 2019 1469 2076 sacramento

327 2113 484 2180 sanciunt.

410 2216 535 2284 Deinde
558 2223 687 2282 servata
708 2216 801 2282 nobis
823 2223 872 2281 est
894 2216 1001 2300 pactio
1026 2235 1097 2281 cum
1121 2215 1353 2302 Selymbrianis
1375 2236 1467 2282 anno

324 2319 375 2386 Ol.
394 2323 447 2402 92,
466 2324 486 2382 4
509 2339 568 2404 per
590 2325 749 2403 strategos
771 2319 1016 2386 Atheniensium
1032 2319 1234 2404 Selymbriae
1257 2319 1351 2398 faeta,
1375 2319 1462 2385 c.1.

324 2425 361 2488 Α.
388 2423 433 2488 IV
456 2425 493 2486 61
513 2442 543 2504 a,
570 2423 708 2505 quaein
731 2421 811 2488 haec
832 2423 932 2488 verba
961 2423 1042 2488 exit:
1075 2415 1466 2509 diuulsae-’lidecumb

325 2525 357 2592 οἱ
381 2525 561 2612 στρατηγοὶ
587 2526 655 2608 [καὶ
677 2524 709 2590 οἱ
732 2525 922 2612 ταξίαρχο]ι
950 2525 1006 2608 (sie
1027 2533 1113 2592 recte
1137 2526 1296 2612 Sauppius
1320 2527 1354 2592 in
1373 2547 1464 2593 com-

325 2629 519 2696 mentatione
541 2628 582 2694 de
612 2629 763 2714 proxenis
785 2629 901 2696 Athen.
929 2628 1071 2713 Gotting.
1101 2629 1180 2693 1877
1205 2651 1237 2714 p.
1267 2633 1313 2712 ll]
1342 2632 1398 2695 καὶ
1430 2630 1463 2696 ci

326 2727 465 2798 ὁπλῖται
487 2733 544 2796 καὶ
567 2731 598 2796 εἲ
618 2735 683 2816 urle
706 2726 807 2808 ἄλλος
822 2727 1010 2818 Ἀθηναίων
1039 2735 1179 2820 alaprie.
1225 2733 1335 2800 Iurant
1362 2735 1466 2818 igitur

324 2835 531 2919 magistratus
554 2835 708 2901 militares
726 2836 956 2919 exercitusque,
982 2837 1140 2920 aquibus
1163 2835 1314 2921 oppidum
1331 2845 1462 2922 captum

324 2946 404 3022 erat,
431 2945 463 3004 et
485 2938 513 3004 si
535 2939 590 3022 qui
612 2945 780 3024 praeterea
801 2946 877 3004 tunc
906 2946 998 3004 erant
1019 2938 1221 3023 Selymbriae
1250 2939 1338 3006 cives
1359 2941 1464 3007 Athe·

325 3043 465 3108 nienses.
512 3042 584 3108 Non
618 3043 716 3108 multo
745 3049 819 3126 post
850 3049 979 3107 auctore
1006 3041 1194 3126 Alcibiade,
1231 3043 1286 3126 qui
1315 3063 1398 3108 unns
1421 3065 1464 3110 ex

325 3146 476 3230 strategis
496 3145 563 3210 illis
585 3145 700 3229 luerat,
726 3143 888 3230 pactiones
915 3145 1083 3229 plebiscito
1110 3145 1335 3212 confirmantur
1354 3155 1464 3212 ratae-

326 3269 388 3332 que
421 3249 519 3314 fiunt:
555 3242 630 3312 καθ’
667 3245 689 3311 ἃ
718 3248 893 3326 §medeveo
916 3249 1196 3334 Epitopdpturlol
1226 3245 1327 3332 πρ[ὸς
1349 3249 1465 3338 >beje-

326 3407 528 3418 -——n—

396 3507 413 3570 ¹1
435 3505 639 3561 Kirehhol'iium
657 3521 718 3560 eum
737 3521 870 3561 annornm
889 3507 1052 3574 bulcheni,
1080 3509 1127 3578 qui
1146 3514 1212 3563 sunt
1229 3509 1301 3562 inter
1323 3509 1365 3563 Ol.
1381 3511 1424 3573 90,
1450 3515 1458 3561 l

326 3601 356 3648 et
373 3595 417 3656 91,
437 3595 451 3643 l
470 3592 591 3660 lapidem
610 3593 782 3661 adsignaret,
803 3591 877 3662 sugit
895 3593 964 3648 illud
983 3611 1011 3650 v.
1029 3595 1058 3646 3:
1080 3587 1262 3661 depressius.
1294 3595 1465 3664 Thucydide

326 3679 399 3734 enim
417 3684 541 3733 testante
563 3677 597 3742 tV
611 3681 650 3743 ll]
665 3677 773 3734 Laches
791 3693 853 3734 oum
866 3678 1028 3734 Nicostrato
1046 3681 1075 3734 in
1093 3695 1187 3750 pugna
1204 3681 1279 3750 apud
1292 3679 1465 3738 llantincam

328 3765 476 3820 commissa
499 3766 614 3820 ineunte
637 3779 710 3819 anno
728 3763 769 3818 Ol.
788 3767 831 3829 90,
852 3769 866 3815 3
891 3764 1056 3820 interiectus
1083 3773 1135 3822 est.
1173 3767 1359 3836 Rogationem
1377 3769 1468 3836 igitur

330 3851 405 3903 illam
424 3851 478 3903 iarn
498 3849 597 3904 eodem
615 3865 687 3904 auno
706 3850 742 3905 ab
762 3865 795 3904 eo
814 3851 899 3904 latam
918 3863 981 3904 esse
998 3849 1144 3920 probabile
1162 3865 1217 3906 uon
1238 3859 1291 3904 est.
1317 3851 1360 3905 Ex
1375 3850 1469 3908 forma

330 3939 389 3992 ταῖς
402 3934 557 3989 Kircbhoff.
572 3935 711 3991 conclusit
730 3936 852 4006 lapidem
870 3941 936 3990 ante
954 3934 996 3990 01.
1015 3937 1057 4002 90,
1081 3939 1090 3988 l
1112 3937 1246 4004 scriptum
1264 3953 1318 3992 nou
1337 3953 1411 4002 esse,
1431 3957 1469 3994 ae

330 4019 456 4090 prolecto
484 4009 546 4074 eum
571 4021 752 4077 Haliensibus
770 4021 960 4077 Athenienses
983 4031 1083 4092 pactos
1110 4037 1173 4078 esse
1198 4033 1264 4078 ante
1282 4021 1383 4078 foedus
1402 4041 1468 4081 cunr

330 4105 444 4175 Argivis
463 4115 583 4162 exeunte
601 4123 674 4162 anno
692 4107 735 4162 Ol.
751 4109 824 4172 sut
843 4109 929 4163 ictum
948 4109 995 4164 vix
1015 4109 1136 4164 credam.
1162 4110 1252 4176 Quare
1271 4111 1355 4164 titulo
1373 4109 1417 4165 Ol.
1433 4115 1471 4166 90

329 4203 379 4246 aut
400 4195 422 4244 l.
443 4201 492 4247 aut
510 4193 535 4245 2.
555 4207 645 4250 annus
667 4195 841 4265 relinquitur.
887 4193 1017 4250 Ceterum
1043 4195 1169 4250 indutiae
1193 4211 1303 4266 qnoque
1322 4195 1362 4250 Ol.
1380 4199 1430 4262 89,
1456 4205 1467 4251 l

329 4285 428 4346 rogatu
447 4279 579 4334 Lachetis
598 4278 716 4335 fiebant:
739 4280 827 4334 Thuo.
848 4281 888 4335 IV
910 4283 966 4334 118.
