3226 4932
288 703 355 762 Ζεῦ
377 694 503 780 πάτερ,
536 700 602 760 τῶν
623 692 702 776 μὰν
724 693 843 778 έραται
866 698 982 780 φρενί,
1009 701 1088 780 σιγᾷ
1111 693 1143 758 οἱ
1166 693 1293 776 στόμα·

494 803 566 863 πᾶν
588 797 632 862 δὲ
654 797 749 874 τέλος

289 901 326 968 έν
347 904 400 968 τίν
422 899 529 987 έργων
554 951 561 964 .
582 951 589 965 .
611 951 617 966 .
639 951 646 964 .

159 1007 213 1072 ubi
235 1024 346 1071 omnes
368 1005 498 1071 libriin
519 1008 583 1086 μέν
605 1004 742 1090 leetioue
765 1003 976 1072 consentiunt.

250 1147 296 1224 ω)
325 1143 423 1210 olx
447 1146 498 1207 rr.

527 1257 755 1330 παραγορεῖτο
779 1242 823 1330 μή
847 1268 931 1309 ποτε

159 1359 209 1416 est
232 1368 343 1414 versus
365 1348 488 1433 primus
511 1347 606 1432 epodi
629 1344 669 1431 γ’,
703 1348 756 1431 qni
786 1347 819 1412 in
845 1347 991 1414 omnibus
1014 1347 1126 1433 epodis
1149 1347 1297 1431 ooniungi

159 1459 264 1538 potest
286 1471 357 1517 oum
379 1451 479 1516 altero
1268 1461 1269 1464 ¹

367 1589 393 1618 υ
446 1571 667 1618 υ..υ..υ.’.
692 1569 695 1654 Ι
720 1573 1091 1623 υυ-υ-υ-υι,ἕέ

161 1699 217 1740 επ.
237 1671 280 1738 α’.
307 1671 370 1758 ἐγὼ
385 1673 422 1739 δέ
438 1698 490 1738 τοι
506 1675 612 1761 φίλαν
627 1670 730 1738 πόλιν
754 1673 757 1758 Ι
781 1672 944 1758 μαλεραῖς
961 1671 1157 1759 ἐπιφλέγων
1168 1669 1299 1752 ἀοιδαῖς

162 1803 217 1844 επ.
236 1777 280 1860 γέ.
306 1783 490 1862 νεωτέρων.
530 1778 662 1861 λέγοντι
684 1773 753 1858 μὰν
777 1777 780 1858 Ι
805 1773 918 1856 χθόνα
944 1827 951 1840 .
973 1827 1008 1840 ..

163 1906 218 1947 επ.
237 1881 279 1968 γ’.
305 1893 533 1966 παραγορεῖτο
556 1879 601 1967 μή
625 1901 709 1944 ποτε
734 1880 737 1964 Ι
763 1883 929 1967 σφετέρας
955 1929 962 1943 .
984 1931 1018 1943 ..

162 2010 218 2051 επ.
238 1983 264 2051 δ
272 2037 278 2050 .
304 1979 392 2050 ὁδῶν
415 1977 489 2049 ὁδοί
511 1987 720 2069 περαίτεραι,
749 1981 752 2064 l
777 1985 847 2063 μία*
862 1975 894 2047 δ’
921 1977 981 2064 οὐχ
1008 2034 1014 2046 .
1036 2033 1042 2046 .
1065 2031 1071 2046 .
1093 2033 1099 2046 .

254 2126 301 2202 13)
327 2121 354 2189 l)
377 2121 454 2186 XIV
480 2126 508 2184 t.

423 2227 606 2310 Καφισίων
626 2216 760 2289 ὑδάτων
781 2224 946 2305 λαχοῖσαν
969 2221 1039 2286 αἵτε

248 2328 341 2407 Quod
363 2327 546 2394 Boeokhius
576 2326 661 2391 buno
689 2345 817 2392 versum
842 2326 888 2392 ite
917 2326 1083 2392 constituit
1111 2333 1143 2392 et
1173 2347 1299 2393 versum

163 2431 354 2518 parallelum
378 2431 598 2516 antistrophae
627 2416 654 2492 d
682 2423 800 2494 πότνι’
828 2422 968 2512 Ἀγλαΐα
999 2429 1228 2515 φιλησίμολπέ
1251 2425 1296 2510 τ’,

162 2535 197 2601 id
219 2555 257 2601 eo
280 2533 453 2616 refellitur,
481 2532 569 2616 quod
590 2551 702 2598 versus
725 2531 872 2598 desinere
893 2552 957 2598 non
979 2539 1084 2617 potest
1105 2532 1138 2598 in
1160 2535 1300 2600 voeabu-

164 2641 230 2705 lum
253 2637 387 2704 elisione
411 2637 603 2705 mutilatum.
644 2637 742 2702 Recte
766 2635 864 2720 igitur
885 2634 1078 2718 posteriores
1092 2635 1231 2702 editores
1246 2645 1303 2703 aut

163 2743 341 2808 diviserunt
362 2746 434 2824 post
455 2733 605 2820 ὑδάτων,
641 2747 696 2805 out
718 2743 936 2805 oonexuerunt
957 2743 1056 2803 toturn
1080 2757 1205 2804 versum
1229 2760 1299 2806 oum

163 2863 323 2932 proximo:

250 2957 1076 3046 -.'o-w-1o-02o-w-ossor„!

166 3073 348 3155 Καφισίων
361 3061 496 3132 ὑδάτων
519 3065 522 3115 l
547 3066 714 3146 λαχοῖσαι,
734 3069 826 3128 ταίτε
842 3060 953 3128 ναίετε
969 3063 1186 3129 καλλίπωλον
1201 3061 1303 3148 έδραν

164 3161 190 3236 ὦ
213 3165 327 3236 πότνι’
353 3165 492 3253 Ἀγλαΐα
517 3167 519 3248 l
546 3167 778 3254 φιλησίμολπέ
800 3161 832 3230 τ’
859 3159 1079 3250 Εὐφροσύνα,
1106 3171 1199 3232 θεῶν
1221 3191 1303 3250 κρα-

799 3274 914 3334 τίστοο

252 3377 288 3441 In
318 3375 412 3461 primi
441 3393 553 3440 versus
582 3373 719 3440 lectione
749 3372 945 3439 stabilienda
974 3373 1068 3458 parui
1097 3372 1238 3456 Bergkio
1272 3381 1304 3438 et

165 3479 315 3558 Ohrisbo,
341 3477 417 3560 quia
433 3475 588 3544 Boeokhii
611 3476 775 3557 λαχοῖσαν
796 3475 948 3541 traditum
970 3496 1033 3542 non
1056 3483 1115 3558 est,
1141 3474 1177 3541 id
1196 3483 1303 3541 autern

164 3583 250 3666 quod
273 3582 490 3647 Mommsenus
511 3580 544 3644 in
568 3577 807 3644 adnotationum
831 3578 1063 3664 supplementis
1086 3575 1242 3660 defendit,

608 3785 766 3865 luxoium
788 3781 860 3848 αἵτε

165 3891 323 3976 exemplis
353 3909 437 3972 quae
465 3887 573 3954 attulit
601 3893 633 3953 et
661 3887 742 3972 ipsis
771 3885 947 3972 suspicioni
976 3885 1124 3952 obnoxiis
1154 3885 1183 3951 P
1214 3886 1241 3952 V
1264 3890 1304 3952 68

166 4001 199 4060 et
220 3993 249 4060 P
271 3993 350 4058 VIII
373 3995 414 4056 96
436 3990 563 4077 probari
585 4009 648 4056 non
671 3997 792 4075 potest,
825 4009 897 4056 oum
923 4008 987 4054 nou
1010 3987 1090 4054 sotis
1113 3989 1206 4055 tinne
1228 3989 1303 4072 sint,

165 4097 281 4180 quibus
311 4094 544 4162 demonstretur
566 4091 711 4176 regulam
733 4092 824 4158 illurn
846 4091 959 4158 violari
982 4111 1096 4177 posse,
1130 4092 1305 4159 seeundum

165 4221 262 4285 quom
290 4198 411 4266 vocalis
441 4198 538 4280 longa
565 4203 622 4262 aut
649 4195 867 4280 diphthongus
897 4195 930 4261 in
953 4195 1040 4260 exitu
1062 4195 1215 4264 vocabuli
1237 4215 1307 4262 oor-

165 4304 226 4389 ripi
249 4323 311 4370 non
334 4309 439 4387 potest
461 4300 523 4366 nisi
546 4298 652 4366 brevis
675 4297 803 4382 syllaba
824 4305 881 4364 eut
902 4297 1063 4366 antecedit
1076 4305 1134 4366 out
1150 4299 1304 4384 sequitur.
