3258 4924
662 519 871 582 ..43-

196 707 371 774 Alexandri
392 711 539 773 τοιαῦτα.
585 705 705 772 Omnes
735 715 843 773 tamen
875 707 1054 785 contiones,
1087 729 1169 792 quae
1198 708 1336 794 ascrip-

195 812 316 878 toribus
350 819 583 890 memorantur,
615 832 789 898 congerere
826 832 1100 898 supervacaneum
1138 811 1338 877 existimavi:

196 933 251 980 eas
267 921 390 980 tanturn
406 915 570 1002 adscripsi,
594 935 678 1001 quae
695 934 767 979 curn
784 913 975 1001 quaestione
991 921 1101 979 nestra
1116 915 1224 1000 aliquo
1240 915 1336 980 modo

196 1018 399 1085 cohaereant.

297 1123 406 1188 Unum
429 1123 599 1208 praemitto
623 1121 789 1189 decretum
811 1122 852 1187 de
868 1123 1068 1208 Antiphonte
1091 1123 1248 1209 sociisque
1264 1121 1336 1188 eius

132 1275 136 1288 .
196 1225 424 1312 perduellionis
439 1227 501 1291 reis
516 1226 590 1290 anni
601 1225 642 1290 ol.
654 1229 705 1308 92,
723 1229 793 1290 2:
803 1229 863 1290 411
884 1227 970 1313 quod
985 1249 1024 1291 ex
1036 1225 1195 1292 tabulario
1206 1226 1335 1310 publico

194 1327 439 1396 Atheniensium
462 1328 629 1410 Craterus,
663 1349 705 1394 ex
728 1329 852 1396 (hateri
882 1328 1071 1395 collectione
1095 1327 1271 1410 Caecilius,
1295 1349 1338 1393 ex

196 1431 335 1498 Caecilio
350 1433 405 1497 Ps.
421 1431 613 1498 Plutarchus
629 1454 658 1496 v.
678 1431 710 1497 X
733 1455 777 1497 or.
801 1453 832 1518 p.
849 1433 955 1518 833de
975 1433 1082 1498 hausit
1103 1434 1149 1497 ita
1171 1431 1337 1497 traditum:

290 1531 394 1612 Ἔδοξε
409 1541 451 1626 τῇ
463 1541 570 1626 βουλῇ,
586 1535 632 1601 λα’
644 1543 698 1620 τῆς
713 1537 904 1620 πρυτανείας,
921 1533 1092 1620 Δημόνικος
1111 1535 1334 1618 'Arasmi-ter

195 1635 420 1721 όγραμμοότεοε,
453 1637 657 1724 Φιλόστρατος
679 1638 861 1723 ,λλαλληνεός
884 1639 1050 1721 ἐπιστάτα,
1076 1637 1225 1721 Ἄνδρων
1252 1635 1337 1704 εἶπε·

196 1743 262 1824 aspi
285 1740 489 1823 tciv'o'udpoia
511 1744 540 1805 οἳ
563 1749 631 1806 πτλ.
670 1743 763 1819 Quae
786 1743 984 1829 praescripta
1008 1751 1039 1807 ot
1062 1743 1154 1828 plura
1177 1743 1339 1808 continent

196 1865 290 1930 quam
312 1845 416 1910 solent
437 1845 557 1911 habere
579 1845 662 1910 tituli
685 1845 846 1932 lapidibus
868 1845 1011 1930 inscripti
1041 1846 1126 1910 illius
1149 1847 1262 1911 aetatis
1285 1846 1337 1911 die

195 1948 363 2034 prytauiae
387 1955 418 2013 et
440 1947 606 2032 demoticis
637 1947 765 2031 additis,
796 1957 828 2014 et
858 1947 971 2014 eadem
993 1949 1072 2014 mira
1094 1948 1239 2012 mutilata
1263 1953 1337 2012 sunt

195 2051 306 2139 populi
335 2058 367 2116 et
395 2051 494 2136 ipsius
524 2053 690 2136 prytaniae
717 2051 882 2116 notatione
913 2051 1031 2117 omissa
1058 2088 1094 2099 —
1118 2071 1224 2136 neque
1253 2051 1336 2116 enirn

195 2161 325 2220 senatus
348 2154 526 2232 decretum,
556 2155 611 2220 sed
639 2155 797 2220 contionis
826 2155 1010 2242 psephisma
1041 2160 1203 2219 tenemus:
1237 2161 1337 2218 uter

196 2257 247 2324 die
271 2257 438 2343 prytaniae
460 2263 636 2322 memorato
660 2277 725 2322 non
748 2257 882 2322 multum
905 2257 1117 2342 proficiamus.

636 2473 736 2540 Thac.
759 2473 813 2540 111
837 2476 887 2539 36.

298 2637 414 2724 Agitur
441 2635 482 2702 de
510 2637 666 2723 supplicio
689 2637 966 2723 Mytilenaeorum.
1011 2635 1137 2700 Placuit
1159 2636 1336 2703 Athenien·

195 2741 282 2805 sibus
303 2739 426 2825 [ἔδοξεν
449 2737 590 2822 salceid:
614 2738 649 2804 οό
673 2737 743 2818 νοός
766 2737 916 2823 παρόντας
937 2737 1032 2820 μόνον
1052 2737 1235 2816 α’ποκτεῖναι,
1259 2737 1338 2803 ἀλλὰ

196 2845 244 2909 καὶ
261 2841 332 2922 τοιλς
346 2843 483 2921 ἅπαντας
500 2845 729 2927 Μυτιληναίους
745 2839 810 2909 ὅσοι
826 2843 936 2927 ἡβῶσι,
959 2845 1066 2919 παῖδας
1082 2842 1177 2907 δὲκαὶ
1193 2853 1337 2925 γυναῖκας

194 2944 413 3031 ἀνδραποδίσαι
444 2954 504 3013 etc.
534 2983 573 2993 -
606 2981 646 2993 -
681 2949 730 3011 καὶ
760 2953 803 3036 τῇ
823 2945 964 3034 όστιραόρ
993 2943 1137 3026 μιτόνοιό
1167 2972 1211 3022 τις
1241 2944 1339 3025 edelr

198 3045 236 3133 ἦν
257 3049 370 3129 αὐτοῖς.
395 3087 435 3098 -
460 3086 499 3098 -
525 3087 563 3096 -
590 3049 630 3128 ιός
652 3053 680 3114 d'
703 3047 846 3140 ᾔσθοντο
869 3053 959 3114 τοῦτο
982 3055 1043 3112 ταῖν
1066 3049 1288 3132 Μυτιληναίων
1310 3049 1338 3116 oi

195 3151 338 3238 παρόντις
361 3151 499 3236 πρέσβεις
529 3155 578 3218 καὶ
601 3153 629 3218 oi
661 3151 764 3232 αὐτοῖς
793 3159 857 3217 τῶν
879 3151 1063 3235 Ἀθηναίων
1092 3151 1338 3236 ξυμπράττοντες

195 3255 423 3341 παρισκεόασαν
445 3254 516 3334 roric
538 3259 572 3322 ἒν
586 3255 663 3322 τέλει
686 3255 768 3321 ὥστε
790 3253 884 3334 αὖθις
907 3254 1032 3339 γνιόμας
1054 3262 1215 3338 προθεῖναι
1238 3296 1278 3306 -
1296 3292 1336 3304 -

194 3359 383 3445 καταστάσης
413 3361 441 3426 ‹l'
472 3360 570 3441 ου’θός
600 3364 759 3447 ἕκαλησιάς
788 3357 877 3427 ἄλλαι
908 3387 941 3426 τε
972 3367 1088 3444 γνιόμιιι
1117 3387 1162 3447 αφ
1202 3384 1338 3424 ικαστιον

194 3461 331 3546 ἐλέγοντο
353 3468 402 3530 καὶ
426 3465 535 3530 Κλέων
557 3475 617 3532 etc.
663 3466 777 3532 (lontio
801 3467 869 3532 sino
891 3465 989 3530 dubio
1006 3465 1067 3531 luit
1083 3463 1336 3530 extraordinaria

148 3571 156 3582 '
194 3567 286 3633 unius
320 3569 382 3634 diei
415 3571 518 3656 spatio
553 3570 732 3635 intermisso
769 3576 948 3635 convocata
983 3569 1024 3633 ol.
1059 3571 1129 3650 sal
1163 3595 1204 3620 =
1235 3567 1332 3642 428st

195 3691 279 3738 anno
302 3671 370 3738 iore
393 3679 542 3754 exeunte.

629 3863 731 3930 Thuc.
753 3863 803 3928 lv
829 3865 900 3929 118.

295 4017 440 4084 Devictis
456 4017 709 4086 Atheniensibus
729 4018 769 4084 ed
785 4019 914 4086 Delium
930 4025 1029 4105 atque
1044 4018 1181 4085 Brasida
1196 4017 1337 4084 secunda

194 4118 325 4186 fortuna
352 4122 386 4186 in
417 4121 600 4188 Chalcidica
634 4144 686 4189 res
720 4128 851 4209 gerente
883 4121 1096 4190 Athenienses
1127 4124 1167 4188 ol.
1197 4125 1267 4202 89‚1
1294 4149 1335 4180 τι

193 4225 291 4302 424λ3
320 4223 461 4292 indutias
489 4247 560 4291 eum
585 4227 847 4292 Lacedaemoniis
876 4225 1033 4293 iecerunt.
1079 4229 1222 4302 Quarum
1245 4227 1336 4292 indu·

193 4326 306 4393 tiarum
330 4329 385 4394 uhi
408 4328 611 4395 condiciones
635 4336 667 4396 ot
689 4336 878 4416 argumenta
901 4331 1062 4395 enarravit
1085 4332 1188 4416 pergit
1209 4329 1334 4416 Thucy·

193 4428 299 4498 didos:
322 4436 370 4498 καὶ
392 4428 598 4516 ὡμολόγησαν
620 4435 654 4498 ἕν
672 4439 721 4524 τῷ
734 4431 828 4522 δόμῳ
845 4429 902 4516 τήν
917 4432 1079 4516 ἕνεχιιρίαν
1094 4431 1169 4500 εἶναι
1185 4431 1330 4500 ἐνιαυτόν.
