3274 4934
298 313 339 372 eo
730 339 774 352 -
821 306 904 389 [roo]
950 341 994 351 -

297 517 340 563 ex
362 495 514 564 Aesehin.
539 513 568 559 e.
593 493 837 579 eremperto:
866 491 915 571 εὶς
945 492 1060 560 αἰτίαν
1088 494 1124 560 δὲ
1145 491 1348 580 εὐαγγελίων
1377 496 1439 560 θν-

299 606 376 677 σίας
399 597 459 686 τὴν
480 593 606 684 βουλὴν
629 602 821 684 κατέστησε,
845 617 891 664 eo.
910 597 1144 665 Demosthenes
1167 619 1239 666 eum
1257 599 1437 666 nuntiatum

298 711 385 772 esset
407 701 627 768 Alexandrum
654 720 726 767 esee
752 707 922 767 mortuum.
959 702 1113 770 Similiter
1135 703 1236 770 Cleon
1258 702 1347 788 upnd
1361 703 1438 768 Ari-

298 808 403 891 stoph.
430 807 489 889 Ep,
508 809 569 870 654
587 823 655 889 uqq.
675 803 758 870 hane
779 804 975 889 rogationem
1004 805 1038 870 in
1068 813 1180 874 senatu
1203 805 1265 872 iert
1293 801 1438 890 (γνώμην

300 911 422 995 hiem:

704 1091 849 1183 Ἄνδρες,
876 1092 937 1184 ἤδη
960 1120 1020 1179 μοι
1043 1097 1134 1164 δοκεῖ

455 1201 513 1268 ἐπὶ
536 1211 728 1287 συμφοραῖς
752 1194 934 1285 ἀγαθαῖσιν
956 1199 1228 1288 εἰσηγγελμέναις

455 1299 632 1390 εὐαγγέλια
656 1302 749 1370 θύειν
772 1300 895 1370 ἑκατὸν
915 1309 998 1386 δούς
1021 1312 1059 1388 τῇ
1084 1305 1160 1390 θεῷ.

383 1513 481 1581 Aliud
503 1513 697 1597 exemplum,
727 1531 790 1594 quo
813 1511 1016 1578 confirmetur
1037 1512 1253 1578 testimonium
1276 1512 1362 1596 quod
1383 1518 1437 1576 at-

296 1621 356 1687 tuli
371 1641 404 1705 p.
415 1623 456 1684 30
472 1617 574 1684 libelii
589 1615 631 1682 de
646 1635 714 1702 rep.
725 1615 842 1682 Athen.
862 1617 902 1682 de
917 1635 994 1682 eura
1009 1635 1113 1682 rerum
1130 1635 1292 1683 morarum
1308 1614 1438 1681 senatui

297 1723 476 1796 commissa,
506 1721 619 1786 titulus
642 1720 776 1805 praebet
797 1741 817 1785 u
839 1719 1029 1787 Onmenude
1052 1720 1159 1786 editus
1180 1713 1368 1807 ’Ἀθήναιον
1390 1718 1438 1784 VI

298 1829 385 1910 483),
418 1826 474 1892 ubi
503 1830 553 1891 eet
574 1845 605 1888 v.
631 1829 668 1888 4:
699 1821 802 1906 ..[οἱ
832 1821 1014 1909 ἱεροποι]οὶ
1051 1822 1089 1888 οἱ
1123 1822 1436 1909 αἱρε[θ]έντε[ς

297 1926 376 1995 ὑπὸ
400 1935 468 2014 τῆς
491 1928 650 2014 βουλῆς
678 1927 727 2010 (ef.
747 1948 778 1993 v.
798 1929 848 2010 23)
875 1921 963 2012 ὑπὲρ
986 1933 1052 1993 τῶν
1074 1925 1171 2014 ἱερῶν
1192 1919 1238 1993 ὧν
1259 1927 1373 2011 ἒἹθυον
1388 1909 1451 2010 τῷ’

297 2030 454 2116 Διονύσῳ
478 2032 534 2096 καὶ
561 2035 643 2114 [τοῖς
666 2025 781 2108 ἄλλοις
804 2031 894 2108 θεοῖς
916 2027 968 2108 οἷς
983 2033 1147 2118 προσ]ῆκε
1164 2029 1257 2097 θύειν
1272 2025 1358 2115 ύπδρ
1374 2035 1436 2115 τῆς

296 2137 420 2222 βουλῆς
442 2135 513 2218 καθ
536 2141 597 2200 τοῦ
619 2131 726 2221 δήμου
748 2141 809 2200 τοῦ
830 2131 1043 2222 Άθηναθων.
1090 2135 1195 2202 Etiam
1219 2135 1255 2202 0.
1283 2135 1308 2200 1.
1335 2133 1375 2200 Α.
1400 2132 1435 2198 11

299 2245 357 2304 114
389 2240 452 2305 hue
480 2237 567 2304 fauit.
625 2237 773 2321 Namque
806 2239 833 2304 B
865 2259 897 2303 v.
924 2243 941 2302 7
971 2245 1104 2306 senatus
1132 2238 1295 2324 apopulo
1317 2255 1436 2302 eoroue

294 2363 393 2410 aurea
416 2342 562 2424 donetur,
590 2338 706 2428 ἐπειδὴ
729 2342 838 2418 καλῶς
860 2343 917 2407 καὶ
940 2341 1078 2418 δικαίως
1100 2337 1288 2429 ἐπεμελήθη
1305 2347 1362 2428 τῆς
1378 2333 1437 2406 εύ-

297 2451 439 2530 κσσμίας
466 2451 527 2511 τού
556 2441 700 2532 θεάτρου
708 2447 744 2530 ¹).
799 2445 974 2512 Theatrum
1007 2446 1105 2532 igitur
1136 2447 1241 2531 ipsum
1270 2467 1291 2512 a
1317 2451 1436 2512 senatu

295 2557 484 2618 exornatum
514 2557 580 2631 eet,
613 2549 636 2616 i.
663 2570 693 2615 e.
719 2555 833 2616 eenetu
864 2549 996 2616 iubente
1024 2556 1057 2616 et
1085 2549 1222 2617 fortasse
1243 2548 1436 2635 prytanibue

294 2653 480 2720 errantibus
502 2672 523 2718 a
546 2648 762 2737 Orurpoivffl),
791 2651 882 2720 ouius
905 2659 975 2718 eret
996 2651 1113 2720 theatri
1135 2659 1222 2720 sarta
1243 2659 1329 2718 teota
1349 2653 1436 2718 tueri

300 2754 850 2838 (Boeokh.suaeuauet.1308).
898 2755 946 2822 Ib.
972 2777 1003 2821 v.
1031 2760 1050 2821 6
1080 2755 1215 2840 legitur:
1253 2748 1282 2842 (ἡ
1312 2752 1428 2842 βουλὴ]

293 2857 422 2939 δόξασα
445 2859 554 2935 καλῶς
577 2855 858 2946 ἐπιμεψελῆσθαι
884 2865 943 2946 τῆς
966 2853 1147 2942 εύκοσμίας
1170 2859 1260 2943 περὶ]
1279 2855 1341 2946 τὴν
1356 2855 1436 2940 ἑορ-

293 2961 355 3050 τὴν
376 2967 437 3028 τοῦ
451 2959 632 3044 Διονύσον,
659 2962 745 3045 qnod
766 2981 829 3029 non
850 2961 956 3030 minue
979 2961 1023 3028 ad
1043 2961 1270 3048 Dionysiorum
1291 2981 1435 3048 appara-

292 3073 359 3132 tnm
381 3065 529 3151 pertinet.

380 3168 519 3235 Senatum
542 3174 575 3234 et
596 3187 648 3234 ree
670 3187 780 3234 eaeras
802 3174 835 3234 et
857 3169 1034 3253 legatorum
1053 3187 1105 3234 ree
1120 3167 1261 3235 errantis
1275 3175 1325 3235 eet
1339 3165 1436 3234 theo-

292 3289 345 3337 roe
374 3271 417 3336 ad
443 3270 537 3337 iudos
565 3291 700 3356 magnos
730 3269 969 3355 certaminaque
1009 3269 1178 3358 Olympia,
1220 3270 1338 3356 Pythie
1366 3279 1431 3338 ete.

293 3373 463 3457 delegare:
490 3393 569 3459 quos
592 3373 722 3458 quidem
736 3381 793 3440 aut
807 3393 936 3460 semper
950 3381 1007 3441 unt
1020 3375 1209 3460 plerumque
1225 3373 1313 3460 ipsos
1327 3373 1434 3442 inisse

292 3632 366 3701 gulis
379 3631 557 3687 senatoribus
570 3632 695 3701 singulae
708 3631 857 3698 dederunt,
871 3632 937 3688 iude
950 3629 1073 3688 esfioitur
1085 3632 1159 3697 ilios,
1177 3639 1209 3689 ut
1220 3633 1321 3705 unique
1334 3633 1431 3698 libuit,

292 3733 308 3772 e
326 3733 356 3772 re
374 3713 507 3772 familiari
524 3718 671 3788 peouniam
689 3717 849 3781 donavisse,
864 3733 936 3788 qnae
955 3717 1112 3774 liberalitas
1130 3718 1167 3773 ad
1185 3719 1242 3774 diei
1261 3717 1327 3775 ferti
1345 3735 1435 3790 appa-

292 3809 383 3858 rutum
406 3804 539 3873 pertinet.
577 3803 647 3859 Nam
672 3819 739 3858 euee
763 3819 832 3874 opes
858 3803 895 3858 ari
913 3801 1025 3859 Thesea
1049 3803 1220 3860 eeiebranda
1242 3805 1435 3874 agonothetae

291 3890 446 3945 eontniieee
458 3889 547 3946 verbu
559 3891 610 3942 444
622 3907 649 3946 v.
662 3892 706 3944 18:
728 3889 775 3943 καὶ
793 3886 833 3948 οἷς
851 3891 937 3942 τοῦτο
956 3885 1050 3943 πάντα
1068 3887 1263 3960 ἀπολογίζεται
1282 3888 1436 3956 ἀνηλωκὼς

290 3973 321 4030 ἐκ
339 3977 394 4029 τῶν
413 3973 495 4029 terea
513 3977 717 4032 demonstrent.

364 4063 381 4126 ¹)
403 4060 447 4117 Of.
462 4061 539 4117 iiih
555 4063 630 4126 (edd.
644 4077 673 4133 p.
686 4064 761 4126 etii:
783 4059 983 4133 ἐπιμεμέληται
1006 4061 1036 4116 δὲ
1052 4057 1130 4126 (ιοὸ
1149 4059 1238 4134 ἱερεύς
1255 4065 1304 4114 τοῦ
1323 4064 1437 4131 Ἀσκλη-

296 4149 363 4200 πιοῦ
381 4150 429 4198 τοῦ
449 4144 481 4200 ἐν
499 4141 585 4212 ἄστει)
604 4150 664 4214 τῆς
680 4150 739 4200 τοῦ
760 4151 843 4200 ναοῦ
863 4144 1066 4220 εὐκοσμίας.

362 4233 380 4298 ²5
403 4231 446 4288 Gi.
462 4231 489 4287 11
509 4235 568 4298 573,
589 4233 638 4290 ubi
657 4234 814 4289 eonduotor
832 4234 936 4292 theatri
949 4233 1042 4291 Piraei
1061 4231 1164 4300 ὠνητής
1182 4235 1272 4290 audit.
