3238 4930
338 495 379 558 uo
863 493 953 578 [rua]

339 683 377 749 tu'
397 711 448 766 μοι
472 683 576 768 τύχας.
597 684 601 766 Ι
621 692 698 765 μαῖα
724 681 762 767 δή
784 683 866 748 κάτω
883 683 895 765 ΙΙ
919 691 984 750 ant.
1009 686 1070 749 407
1096 682 1160 759 νέος
1183 681 1253 765 r'yni,
1281 683 1377 764 narso
1396 685 1401 763 Ι
1422 683 1485 746 la'-

340 813 432 868 πομαι
467 793 556 874 φίλας
579 791 591 868 ΙΙ
614 787 695 854 Hac.
723 788 805 850 1033
837 785 1010 867 θανάσιμον
1040 786 1114 869 πρὸς
1139 785 1272 872 ἎιΙιΙαν,
1303 785 1340 850 inl
1377 785 1483 864 τάλας,

339 909 431 977 quam
464 913 594 958 versum
627 912 689 955 non
717 891 868 976 intellego
908 911 971 976 quo
1003 892 1073 955 iure
1106 891 1274 956 Wecklein
1298 893 1483 975 pariterque

338 998 392 1062 alii
427 996 567 1062 editores
607 995 747 1060 habeant
781 1016 837 1080 pro
874 994 1040 1072 ductario,
1074 995 1119 1058 ita
1154 1005 1189 1058 ut
1226 996 1326 1080 prima
1356 994 1483 1080 syllaba

337 1101 566 1166 interiectionis
590 1097 628 1162 lui
652 1097 859 1184 producatur.
905 1097 1073 1183 Hartung,
1104 1106 1140 1162 ut
1169 1101 1354 1164 restitueret
1384 1099 1482 1164 doub-

337 1205 445 1280 mlum‚
475 1204 600 1289 scripsit
621 1199 752 1287 ‘'Arlrlur‚
786 1195 822 1278 ui,
852 1207 923 1285 ucri,
946 1199 1040 1278 τάλας
1063 1202 1074 1283 ΙΙ
1097 1201 1197 1268 Andr.
1229 1206 1291 1267 834
1321 1201 1483 1267 καλύπτειν

338 1307 460 1384 πέπλοις
479 1309 484 1388 Ι
505 1305 633 1388 urium
656 1310 736 1388 δῆλα
754 1305 813 1381 καί,
837 1306 868 1369 in
892 1326 955 1390 quo
972 1328 1066 1370 versu
1084 1305 1234 1388 Hartung
1249 1305 1358 1385 στέρνα
1378 1313 1481 1368 muta-

339 1412 385 1475 vit
414 1412 446 1474 in
476 1417 595 1493 στῆθος
616 1410 627 1491 ΙΙ
651 1409 774 1474 Phoen.
806 1411 869 1472 293
894 1417 1064 1490 yorvnrrrig
1096 1410 1185 1490 ἔδρας
1212 1411 1216 1489 Ι
1243 1411 1410 1492 προςπίτνω
1443 1408 1480 1488 u',

339 1512 432 1592 ἅναξ,
462 1515 516 1599 qui
546 1535 655 1578 vorsus
687 1514 783 1578 ctiam
814 1513 948 1576 dimeter
978 1513 1182 1577 doclrmiccus
1213 1533 1284 1578 assa
1313 1516 1419 1598 potest
1449 1519 1481 1574 st
1600 1527 1601 1538 ³

340 1618 438 1702 vulgo
463 1617 609 1682 habetur.

444 1719 536 1794 Quod
563 1720 718 1805 tripudias
742 1721 843 1804 primo
867 1719 949 1804 podo
974 1727 1166 1804 syncopatur
1183 1719 1240 1784 nisi
1258 1717 1400 1781 thesibus
1416 1737 1478 1780 nun

340 1823 453 1888 solutis
479 1823 618 1907 insignes
649 1824 792 1907 proferre
823 1845 887 1890 nun
917 1844 1097 1907 possumus,
1130 1844 1201 1886 cum
1232 1821 1385 1906 tripudias
1416 1841 1480 1884 non

342 1937 536 2012 syncopatae
561 1948 670 1991 omncs
687 1934 719 1990 ct
735 1949 800 2008 sas,
818 1927 849 1990 in
873 1928 987 2012 quibus
1011 1927 1109 1990 thesis
1132 1927 1233 2009 prima
1256 1927 1334 1992 sola,
1361 1933 1392 1988 st
1416 1947 1480 2004 cas,

340 2029 510 2114 inquibus
534 2030 714 2114 cumplures
745 2037 817 2094 sunt
847 2031 982 2108 solutas,
1013 2029 1184 2094 viderimus
1215 2050 1284 2093 ssss
1315 2029 1480 2114 copulatas

341 2155 413 2197 sum
437 2133 603 2213 dochmiis,
626 2132 700 2197 iude
716 2135 761 2213 lit,
785 2133 871 2219 qnod
887 2134 1051 2220 tripudias,
1075 2155 1207 2218 quarum
1226 2134 1325 2198 thcsis
1342 2131 1481 2198 secunda

339 2239 408 2302 sola
431 2250 479 2300 est
502 2239 618 2320 soluta,
643 2239 769 2302 omnino
794 2259 866 2302 raro
891 2243 1072 2314 occurrunt,
1095 2237 1252 2319 tripudias
1276 2243 1384 2300 autem
1410 2257 1481 2320 syn·

340 2349 476 2427 copatas
498 2342 600 2426 primo
623 2341 716 2426 pedo,
740 2363 874 2427 quarum
899 2321 997 2406 thosis
1020 2341 1122 2425 prima
1145 2349 1193 2406 est
1210 2341 1326 2422 soluta,
1350 2339 1480 2404 adoch·

340 2455 410 2518 miis
434 2455 493 2519 lrao
511 2454 613 2518 forma
631 2455 807 2538 conspicuis
843 2471 900 2523 ,τι
921 2425 984 2496 sl*
1045 2489 1078 2498 -·
1097 2474 1161 2517 non
1177 2459 1313 2538 possunt
1335 2451 1481 2515 discerni.

339 2557 375 2621 In
400 2558 562 2622 versiculis
588 2565 722 2642 utraque
745 2558 827 2622 thasi
850 2559 955 2622 soluta
980 2557 1221 2624 decurrentibus
1244 2576 1376 2620 caesura
1393 2575 1482 2640 pras·

340 2661 415 2726 bara
444 2669 549 2746 potest
576 2661 742 2742 indicium,
766 2669 873 2725 utrum
900 2662 1082 2726 dochmium
1106 2662 1224 2725 habeas
1248 2681 1288 2724 nn
1312 2658 1483 2745 tripodium
1602 2667 1603 2680 ¹

339 2764 441 2848 primo
466 2765 546 2848 psdc
570 2775 789 2852 syncopatum.
829 2765 919 2829 Haec
945 2766 1026 2828 onim
1045 2772 1093 2829 cst
1109 2764 1290 2844 statuenda,
1314 2763 1369 2826 ubi
1390 2761 1480 2825 duest

340 2888 470 2933 caesura
493 2876 567 2952 pust
590 2869 744 2955 syllabam
767 2869 902 2933 tertiam.
939 2868 1060 2932 Contra
1076 2869 1104 2930 ci
1122 2889 1241 2949 vorsus,
1259 2865 1312 2952 qui
1328 2864 1483 2928 exhibunt

339 2971 425 3036 illam
449 2993 624 3054 caesuram,
648 2979 783 3057 possunt
806 2973 904 3036 nidori
929 2981 960 3035 at
977 2970 1132 3056 tripudias
1148 2975 1250 3055 primo
1272 2979 1304 3035 st
1321 2968 1481 3052 tripudias

340 3074 480 3140 secundo
496 3075 578 3160 peda
597 3081 803 3162 syncopatae,
828 3077 888 3140 nisi
912 3076 1001 3140 rsrbi
1027 3076 1152 3139 vinculo
1176 3096 1247 3138 cum
1272 3094 1364 3137 vorsu
1389 3094 1480 3158 prac-

340 3176 475 3243 cedsntc
499 3179 686 3254 cohaerent3
709 3201 791 3264 quas
816 3181 997 3244 coniunctio
1021 3180 1181 3264 prohibet,
1213 3177 1384 3262 quominus
1408 3187 1482 3240 unte

340 3301 464 3345 versum
479 3303 578 3368 pausa
592 3284 690 3347 statui
706 3290 738 3345 ct
757 3284 928 3347 versiculus
946 3305 1001 3367 pru
1019 3282 1156 3366 tripudia
1178 3281 1278 3366 primo
1303 3279 1388 3364 psdc
1411 3301 1484 3363 syn·

343 3391 459 3470 copata
482 3387 581 3468 possit
604 3386 723 3451 haberi.

442 3487 614 3572 Tripodiaa
653 3490 747 3553 tertio
788 3487 870 3573 pedu
905 3495 1101 3574 syncopatae
1140 3485 1195 3550 ubi
1231 3485 1386 3550 dochmiis
1431 3487 1483 3549 rel

340 3592 485 3676 tripudiis
515 3593 654 3657 secundo
679 3593 762 3676 pede
794 3594 977 3678 syncopatis
1007 3590 1214 3677 praecedunt,
1243 3611 1314 3652 cum
1344 3591 1383 3654 iis
1417 3589 1485 3652 sifi·

341 3696 428 3760 ciunt
458 3697 516 3760 has
547 3695 746 3782 hexapodias
778 3697 810 3760 in
841 3695 956 3759 fabulis
990 3683 1155 3778 poctarum
1192 3695 1388 3776 tragicorum
1424 3692 1485 3756 irs-

341 3815 489 3892 qusntos:
512 3843 530 3878 u
553 3847 585 3855 -
607 3843 625 3877 a
641 3821 677 3888 [Α]
697 3805 761 3888 Β-Ι
787 3819 814 3888 t]
830 3827 867 3886 Q
887 3779 951 3873 sd?
970 3837 988 3877 u
1007 3841 1057 3886 -,
1073 3827 1206 3890 quarum
1222 3807 1398 3869 maximam
1411 3827 1485 3892 par·

341 3919 407 3976 tem
431 3911 516 3975 hand
533 3912 597 3976 scio
622 3933 662 3974 an
681 3912 740 3975 viri
763 3911 848 3976 ducti
872 3911 981 3973 malint
1005 3909 1049 3973 sic
1071 3909 1103 3972 in
1127 3907 1272 3993 dipodius
1296 3931 1485 3976 secernere:

339 4051 414 4085 u-
435 4009 527 4094 υΨΙ
550 4043 589 4066 ι-
608 4011 677 4084 υΨ
698 4017 702 4087 Ι
723 4043 763 4066 ι-
782 4049 869 4085 0-—.
925 4013 983 4078 cui
1016 4011 1230 4076 distributioni
1263 4011 1402 4076 fortasse
1431 4011 1486 4075 illa

343 4124 486 4202 praestat
508 4117 555 4181 his
579 4117 672 4183 locis:

442 4221 559 4286 Asach.
592 4219 680 4306 Sept.
709 4223 767 4284 167
799 4216 836 4282 ini
865 4216 967 4282 τέλειοι
987 4219 992 4296 Ι
1012 4216 1123 4281 τέλειαί
1148 4241 1182 4280 τε
1218 4222 1273 4296 γᾶς
1297 4215 1308 4298 ΙΙ
1332 4223 1398 4282 ant.
1426 4221 1486 4282 175

338 4323 475 4408 λυτήριοί
503 4325 529 4386 τ’
559 4320 760 4408 &plantatores
792 4320 878 4386 πόλιν
907 4322 919 4403 ΙΙ
949 4321 1041 4387 Eum.
1074 4325 1134 4386 148
1159 4318 1245 4406 ὕπνῳ
1285 4319 1471 4402 κρατηθ·εἴσ’
