3274 4934
742 339 956 399 ..24-

281 511 382 577 tentia
412 509 486 594 »pia
512 530 581 575 sum
606 517 759 592 ergata»
788 508 932 592 reliquiis
953 507 1068 574 horum·
1088 526 1236 575 versuum
1260 527 1321 572 nou
1345 527 1421 572 cou-

281 614 409 680 tiuetur.
450 613 563 695 Neque
586 613 689 696 magis
705 611 945 677 Wilamowitzii
968 611 1165 678 coniectura:
1202 615 1329 688 σε’πτας
1351 604 1421 674 ἀπὸ

282 716 400 802 diodus·
429 723 486 783 aut
514 715 656 781 Kaibelii
686 715 724 785 σὲ
747 715 783 780 δὲ
806 714 930 798 Ηδμεν
953 709 1014 780 d'i'o
1043 713 1187 800 probata
1205 714 1324 796 elucet,
1365 735 1422 780 our

283 821 424 886 Balbillo
453 818 633 886 Momnonis
670 819 809 885 animam
841 818 1032 886 exstinctam
1062 840 1125 885 non
1142 838 1227 899 esse
1258 817 1320 884 sibi
1348 838 1422 903 per-

281 924 427 992 suaserit.
472 923 595 1002 Quodsi
611 921 740 1002 adeam
757 945 824 989 rem
839 923 1123 1002 demonstrandam
1139 944 1159 988 a
1174 922 1315 988 Balbillo
1330 922 1422 1006 geni-

280 1036 364 1095 tores
380 1027 482 1112 ipsius
497 1027 649 1108 citantur,
676 1045 730 1092 eos
747 1026 924 1098 Memnonis
946 1027 1110 1094 etiamtum
1134 1026 1287 1112 spirantis
1308 1032 1341 1092 et
1359 1025 1421 1091 im-

280 1131 423 1198 mortalis
438 1136 660 1213 argumentum
676 1129 839 1214 habuisse,
854 1141 974 1216 nempe
990 1131 1059 1198 eius
1075 1130 1163 1196 vocis
1178 1129 1308 1196 auditae
1323 1136 1421 1196 testes

286 1235 445 1304 Balbillae
468 1234 630 1300 exstitisse
653 1241 831 1301 statuamus
852 1241 994 1320 oportet:
1029 1255 1091 1318 quo
1105 1234 1210 1318 magis
1231 1234 1299 1300 fitia
1320 1233 1423 1298 Mem-

283 1359 396 1404 nonem
425 1337 487 1404 sibi
516 1337 579 1422 ipsi
610 1337 739 1422 pietatis
765 1338 942 1424 praemium
972 1338 1078 1404 simile
1101 1359 1164 1403 non
1189 1337 1422 1422 denegaturum

281 1441 421 1508 contidit.
476 1440 579 1519 Quam
611 1441 801 1508 sententiam
831 1463 893 1508 non
917 1448 983 1508 tam
1014 1441 1178 1508 Letronnii
1199 1441 1422 1532 supplemento

282 1549 414 1632 γενέται
444 1549 481 1609 σε’
511 1538 585 1608 ποτ’
618 1538 812 1632 ἠσπάζοντο
842 1565 938 1628 quam
968 1565 1007 1611 eo
1036 1545 1122 1630 quod
1143 1545 1207 1630 ipsi
1229 1565 1327 1630 supra
1347 1563 1422 1628 pro-

280 1649 444 1735 posuimus
466 1648 685 1732 assequimur:
711 1669 903 1733 quamquam
925 1649 998 1735 ipsa
1012 1650 1112 1715 verba
1135 1655 1248 1734 ectypo
1264 1668 1327 1713 non
1344 1647 1422 1714 satis

279 1752 534 1837 comprobantur.
1092 1775 1096 1785 ·
1201 1784 1202 1787 ¹

365 1857 404 1921 V.
434 1859 471 1919 16
502 1849 679 1936 κᾶντίοχος
701 1851 892 1941 προπάτωρ
914 1856 1050 1921 Frauzio
1067 1861 1201 1921 auctore
1223 1853 1340 1920 Kaibel
1363 1875 1422 1938 po-

282 1962 363 2028 suit:
401 1961 466 2027 iam
492 1967 602 2026 autem
626 1968 760 2045 apparet
785 1959 870 2026 idem
902 1961 1047 2028 extitisse
1069 1960 1154 2045 quod
1179 1960 1213 2026 iu
1240 1958 1303 2025 fine
1325 1981 1356 2024 v.
1385 1961 1423 2024 18

273 2061 443 2147 Ἀντίοχος
454 2065 632 2147 poetisve:
647 2063 914 2148 quemadmodum
927 2065 1024 2131 etiam
1037 2065 1069 2130 in
1081 2063 1215 2150 reliquis
1226 2063 1348 2149 poetria
1356 2062 1421 2129 eis-

279 2170 352 2236 dem
369 2169 580 2235 locutionibus
595 2167 738 2252 repetitis
754 2169 934 2235 delectatur
954 2169 1062 2250 (veluti
1079 2189 1107 2234 e.
1122 2190 1155 2253 g.
1175 2157 1259 2252 ἆχον
1273 2167 1305 2255 ’q
1322 2167 1423 2233 habe-

282 2293 352 2338 mus
368 2273 464 2338 Kaib.
483 2293 515 2336 n.
534 2276 607 2354 990,
627 2275 646 2337 8
663 2279 695 2338 et
709 2273 784 2355 989,
802 2277 839 2353 4,
859 2269 1004 2356 noterium
1021 2268 1185 2358 Ἅδριάνω
1203 2275 1325 2356 988,5.
1345 2275 1418 2348 991,

281 2379 348 2442 iet
363 2381 520 2461 κοίρανος
542 2372 718 2461 nupturos
747 2379 821 2460 999,
841 2379 877 2456 9;
911 2369 983 2442 ἀπὺ
1005 2377 1094 2440 λίθω
1117 2379 1199 2460 999,
1219 2379 1238 2439 2
1261 2382 1293 2442 et
1309 2377 1381 2455 988,
1405 2379 1415 2437 1

280 2483 369 2565 cet).
402 2480 510 2546 Verba
525 2475 716 2561 Βάλβιλλός
739 2473 765 2544 τ’
784 2473 801 2545 ὀ
826 2476 934 2566 σόφος
949 2480 1068 2546 Kaibcl
1085 2479 1154 2545 sine
1169 2499 1268 2546 causa
1282 2479 1315 2545 in
1331 2475 1423 2542 Βάλ-

279 2581 395 2667 βιλλός
417 2607 452 2648 τε
476 2580 585 2670 σόφος
610 2583 755 2648 mutavit.
781 2621 824 2631 -
847 2581 883 2648 V.
906 2587 945 2672 ¹7.
968 2583 1060 2650 Saitii
1075 2583 1212 2663 lectione
1231 2587 1423 2668 yarrs'rosga

280 2688 396 2773 Lepsio
418 2687 544 2752 firmata
568 2687 690 2752 L'Hdtii
713 2693 745 2752 et
768 2687 864 2752 Bailii
891 2681 993 2771 γένετ’
1021 2685 1056 2752 ἐκ
1078 2687 1245 2752 refellitur.
1264 2729 1266 2734 ,
1300 2687 1336 2752 In
1358 2685 1422 2751 fine

279 2810 392 2856 versus
415 2789 605 2856 isetronuius
628 2811 698 2856 cum
716 2787 1180 2854 ΒΑΟΙΛΗΙΔΟΟΑΚΜΑΟ
1210 2789 1420 2869 restituisset,

280 2915 362 2978 quae
375 2893 539 2959 etBailius
551 2899 583 2960 et
598 2900 744 2980 ectypum
761 2894 869 2978 aliquo
885 2893 979 2959 modo
991 2900 1130 2974 tuentur,
1143 2893 1204 2959 hoc
1215 2893 1423 2978 supplemen-

279 3005 344 3064 tum
375 2997 574 3082 transcripsit
603 2996 799 3084 βασιλήιὸος
836 2997 978 3080 Ἆκμας,
1022 2997 1166 3082 reginam
1195 2997 1423 3082 interpretatus

279 3093 440 3187 quandam
455 3103 588 3166 demam
604 3102 736 3167 Balbilli
751 3108 885 3168 matrem
902 3101 1019 3168 fuisse:
1037 3123 1153 3169 nomen
1168 3108 1275 3168 autem
1287 3101 1420 3166 demam

277 3207 310 3272 in
333 3206 473 3272 Orientis
489 3205 615 3289 regnis,
644 3226 706 3290 quo
730 3212 814 3271 certe
836 3226 893 3271 rex
909 3205 1086 3273 Antiochus
1108 3206 1296 3274 referendus
1319 3211 1417 3288 esset,

279 3311 432 3376 usitatum
447 3329 520 3376 cese
535 3331 553 3374 e
569 3309 705 3394 Iosepho
722 3310 759 3374 B.
778 3311 804 3374 I.
837 3311 868 3392 1,
889 3313 941 3394 32,
961 3313 980 3374 6
996 3311 1134 3376 elucere.
1167 3303 1365 3393 Quamquam
1382 3310 1423 3376 de

278 3415 390 3498 regina
404 3414 506 3480 doma
521 3434 625 3498 neque
639 3413 829 3480 Lotronnius
851 3433 955 3498 nequo
970 3414 1054 3492 alius
1067 3415 1232 3498 quisquam
1249 3413 1422 3498 quidquam

280 3517 429 3604 repperit.
469 3517 516 3582 Ac
531 3523 637 3582 tamen
655 3539 675 3582 a
692 3517 862 3582 Letronnio
878 3517 1036 3601 singulari
1059 3517 1205 3583 acumine
1222 3537 1330 3583 verum
1347 3536 1424 3602 sup-

279 3621 400 3707 pletum
417 3639 489 3686 esse
505 3619 646 3687 dilucido
663 3627 797 3705 apparet
812 3640 852 3684 cx
873 3621 974 3686 attero
990 3621 1131 3686 carmine
1148 3621 1308 3686 Balbillae
1323 3621 1418 3686 Kaib.

278 3747 310 3790 n.
322 3727 384 3788 989
398 3746 427 3789 v.
441 3727 470 3806 3,
497 3724 551 3790 ubi
568 3725 601 3789 in
616 3723 678 3790 fine
691 3743 805 3790 vorsus
817 3744 837 3788 a
849 3724 965 3809 chsio
982 3724 1108 3791 domum
1123 3721 1420 3788 csctuutnoc
1439 3756 1446 3768 ι

279 3826 450 3892 ΑΚΜΑΕ
474 3833 560 3894 certo
583 3828 699 3894 lectum
721 3847 794 3894 csse
809 3827 895 3894 infra
909 3827 1075 3895 referetur.
1114 3828 1213 3913 Atqui
1226 3827 1346 3894 ibidem
1363 3828 1422 3894 dc-

278 3932 506 3997 monstrabitnr
521 3931 710 3998 vocabulum
728 3926 894 3996 ΑΚΜΑΟ
917 3953 957 3998 ne
979 3932 1037 3998 iilo
1060 3931 1189 4016 quidem
1211 3933 1280 3998 loco
1306 3931 1347 3996 de
1362 3952 1421 3997 uo-

280 4035 365 4100 mine
381 4034 508 4119 proprio
532 4035 634 4120 accipi
657 4053 762 4119 posse.
804 4035 961 4119 Equidem
977 4035 1046 4102 iure
1061 4035 1140 4101 mihi
1156 4035 1357 4122 persuasisse
1372 4035 1422 4101 vi-

280 4137 357 4204 deor
371 4145 503 4221 utroque
520 4139 589 4204 loco
606 4132 715 4220 ἃκμας
730 4137 933 4204 scribendum
949 4139 1046 4222 idque
1062 4160 1132 4204 eum
1150 4139 1307 4205 adiectivo
1322 4143 1422 4221 βασι-

282 4237 396 4331 λήιδος
426 4239 684 4326 coniungendam
713 4261 801 4327 csse,
835 4247 870 4308 ut
901 4241 1098 4328 significetur
1130 4242 1257 4310 Balbilii
1288 4249 1420 4308 matrem
