3274 4934
322 411 362 474 rs
759 451 802 462 -
850 415 934 498 [ιιι]
981 452 1024 462 -

320 601 388 666 dita
403 601 435 666 in
451 602 599 668 indicio
615 623 687 670 esse
703 604 867 688 duplicata
882 605 1017 690 primurn
1034 607 1148 690 probat
1162 606 1252 670 locus
1267 626 1298 690 p.
1313 609 1375 670 trs
1387 626 1435 690 sq.
1451 631 1456 668 :

320 711 447 770 σκευῶν
480 697 526 772 ὧν
555 703 677 792 ὤφειλε
700 705 892 794 Δημόνικος
918 759 924 770 .
946 759 982 774 ..
1020 710 1076 774 καὶ
1111 708 1308 793 &modicitate
1338 707 1385 786 εἰς
1421 708 1459 772 τὸ

321 806 559 895 δικαστή[ριον]
588 798 701 896 ὦφλεν
723 809 782 898 τὴν
804 811 999 878 διπλασίαν.
1041 813 1166 878 Similia
1188 814 1378 898 psephisma
1404 830 1459 879 se—

320 919 426 996 natus,
452 913 536 997 quod
559 935 591 999 p.
611 919 671 979 534
690 935 759 1000 sqq.
784 916 911 1000 legitur,
939 917 1140 1003 suppeditat:
1167 913 1282 1004 ἐπειδὴ
1300 914 1459 982 Σωπόλι-

320 1013 378 1093 δος
403 1069 409 1082 .
433 1069 466 1082 ..
494 1023 711 1103 κατέγνωσαν
739 1019 770 1084 οἱ
793 1019 963 1102 δικασταί,
998 1015 1052 1086 ὅτι
1081 1015 1141 1087 οὐκ
1171 1015 1336 1086 ἀπεδίδου
1357 1019 1424 1084 τὰ.
1449 1073 1455 1082 .

321 1118 421 1207 σκεύη
441 1173 447 1186 .
470 1171 476 1183 .
496 1122 552 1185 καὶ
568 1119 730 1209 ἐτίμησαν
745 1124 889 1200 πλέονος
906 1118 924 1211 ἢ
940 1131 1000 1190 τοῦ
1016 1123 1199 1190 διπλασίου
1219 1125 1269 1207 (cf.
1284 1145 1315 1210 p.
1331 1127 1403 1208 ⁸212)
1420 1127 1456 1208 Γ).

321 1225 370 1291 Cf.
391 1224 544 1326 Mittdcit.
563 1226 585 1290 l.
605 1227 625 1290 l.
646 1227 751 1292 Aeol.
771 1229 785 1292 Ι
808 1249 839 1292 v.
860 1231 900 1293 68
923 1249 991 1312 sqq.
1019 1230 1079 1294 col.
1100 1228 1132 1292 Π
1154 1249 1183 1292 v.
1204 1231 1309 1312 dsqq.
1331 1230 1369 1292 13
1385 1247 1456 1311 sqq.

322 1331 362 1392 ‘28
386 1349 455 1411 sqq.
483 1331 523 1393 66
547 1348 594 1412 sq.
642 1331 669 1394 Β
692 1331 752 1396 col.
778 1331 793 1396 1
816 1353 846 1396 v.
874 1336 910 1396 61
938 1352 1008 1416 sqq.
1056 1331 1178 1406 Eadem
1209 1331 1307 1415 igitur
1334 1331 1458 1396 ratione

322 1431 503 1498 Pausaniae
525 1433 608 1498 actio
630 1434 849 1519 intellegenda
879 1443 943 1518 est,
976 1435 1123 1520 quamvis
1156 1436 1188 1500 in
1217 1455 1257 1499 ea
1284 1455 1378 1500 voces
1408 1433 1462 1498 δι-

322 1536 432 1602 πλοῦν
459 1537 510 1602 vel
538 1535 702 1602 διπλασία
738 1540 790 1621 (se.
818 1537 904 1626 τιμή,Ι
933 1539 1097 1606 adhibitae
1126 1559 1190 1604 nou
1220 1539 1292 1604 sint.
1345 1539 1461 1621 Neque

321 1639 404 1704 euim
429 1640 501 1725 ipsa
522 1661 556 1706 re
579 1641 714 1708 formula
737 1631 849 1729 ὦφλεν
871 1641 930 1710 diro
955 1641 1100 1729 τριήρεις
1127 1639 1245 1718 καινὰς
1269 1635 1461 1710 ἀποδοῦναι

327 1743 364 1822 [Α
395 1744 454 1808 col.
480 1743 512 1808 Il
535 1767 566 1810 v.
586 1749 626 1810 66
643 1750 725 1831 sqq.)
753 1745 860 1813 differt
888 1748 928 1813 ab
959 1769 1015 1828 ea,
1053 1768 1117 1830 qua
1150 1745 1288 1812 triremis
1322 1745 1462 1810 alicuine

321 1847 485 1912 trierarchi
499 1846 664 1934 'duplicari
690 1850 816 1916 dicitur.

371 2375 430 2464 nu
457 2373 629 2466 ssurru
657 2327 878 2467 orrmms
904 2374 1112 2467 rumas
1141 2373 1414 2466 rursrumo.

408 2577 514 2642 Verba
541 2595 625 2658 qnae
658 2575 754 2642 citavi
787 2576 927 2659 (διττοῦ.
961 2598 991 2662 p.
1019 2579 1113 2660 466);
1151 2573 1362 2654 κολάζουσαν
1389 2573 1464 2662 (τὴν

321 2677 456 2766 βουλὴν)
484 2677 562 2755 τοὺς
585 2673 812 2756 ἀτακτοῦντας
835 2686 901 2745 τιῦν
923 2675 1135 2766 τριηράρχων
1157 2674 1242 2742 κατὰ
1264 2674 1324 2743 τὸν
1338 2673 1459 2760 νόμον,

321 2783 350 2848 si
373 2783 591 2868 componimus
611 2803 694 2864 ,curn
725 2784 796 2850 loeo
826 2784 945 2850 decreti
975 2782 1016 2848 de
1048 2781 1229 2849 reficiendis
1252 2781 1463 2847 munimentis

321 2886 518 2952 Athenarum
535 2887 571 2954 0.
590 2887 616 2951 Ι.
635 2888 674 2952 Α.
693 2888 725 2952 11
744 2889 802 2950 167
820 2908 850 2952 v.
871 2890 926 2951 25:
948 2924 988 2934 -
1004 2908 1169 2951 -ουσαν
1196 2885 1463 2968 (σολλαβλοῦσαν

322 2989 438 3055 conicit
466 2989 611 3073 Kirchh.)
647 2987 817 3074 κολ[άζειν
849 2988 917 3072 τὸν]
958 2992 1002 3076 μὴ
1041 2990 1366 3074 πειθαρχολῦῖνῂαλ,
1407 2987 1462 3054 hie

321 3114 446 3178 quoque
470 3094 510 3159 dc
533 3101 647 3160 senatu
670 3094 725 3178 agi
747 3101 891 3180 apparet.
928 3095 1040 3176 itaque
1063 3091 1255 3176 Siegfriedio
1283 3092 1335 3175 (dc
1358 3091 1462 3156 multa

321 3217 404 3281 quae
428 3193 569 3284 ἐπιβολὴ
592 3197 708 3263 dicitnr
735 3219 767 3282 p.
794 3201 834 3261 26
863 3200 923 3280 sq.)
958 3195 1133 3278 assentior,
1167 3195 1221 3279 qni
1252 3195 1299 3260 sic
1328 3194 1458 3260 scribit:

321 3295 406 3380 ‘Quo
429 3323 468 3368 ex
492 3301 661 3386 plebiscito
683 3301 830 3384 quamvis
849 3301 995 3368 mutilato
1010 3300 1072 3366 hoc
1087 3306 1194 3365 tamen
1210 3299 1349 3364 cernitur
1363 3298 1464 3363 totius

322 3405 429 3490 operis
459 3405 637 3471 custodiam
668 3405 869 3471 senatoribus
898 3403 1049 3470 traditam
1071 3403 1250 3485 iisdemque
1273 3420 1460 3467 concessum

322 3509 440 3590 inisse,
473 3516 508 3575 ut
536 3529 592 3574 eos
614 3509 821 3591 architectos,
855 3508 910 3591 qui
939 3507 1024 3573 dioto
1057 3527 1120 3572 non
1143 3511 1252 3572 essent
1274 3505 1456 3588 audientes,
1542 3507 1548 3528 ¹

321 3612 505 3696 redigerent
527 3612 568 3677 ad
590 3611 779 3695 obsequium
800 3611 909 3678 multis
924 3604 1110 3694 impositis'.
1142 3610 1256 3692 Neque
1278 3627 1353 3673 vero
1376 3607 1460 3673 illud

323 3713 382 3782 τὸν
409 3713 453 3802 μὴ
489 3717 738 3800 πειθαρχοῦντα
769 3715 811 3779 ad
844 3715 930 3780 solos
961 3713 1151 3778 architectos
1182 3715 1224 3794 (v.
1251 3715 1290 3775 32
1313 3717 1346 3778 et
1372 3714 1460 3795 117),

323 3821 344 3886 i.
372 3841 401 3886 e,
421 3819 595 3886 secundum
619 3817 815 3884 Koelrlernm
838 3817 880 3882 ad
902 3817 1111 3883 architectum
1134 3837 1154 3880 a
1178 3815 1295 3900 populo
1317 3821 1463 3880 creatum

329 3927 369 4004 (v.
388 3925 418 4007 6)
446 3929 478 3988 et
499 3927 661 3988 curatores
689 3918 895 4004 (ἐπιστάτας)
907 3925 944 4006 ²),
972 3919 1148 3986 sedetiam
1172 3917 1216 3983 ad
1239 3917 1462 3996 conductores,

382 4083 525 4090 “nn—..-

395 4185 412 4245 ἵ)
433 4199 460 4251 p.
476 4185 525 4234 388
545 4187 573 4236 et
592 4183 642 4233 396
661 4179 713 4235 hoe
733 4185 842 4236 tautum
861 4181 1014 4235 iuvenitur:
1036 4179 1082 4232 καὶ
1101 4176 1150 4242 τὴν
1169 4178 1333 4231 διπλασίαν.

390 4269 409 4332 2)
431 4266 469 4323 Os
495 4267 526 4323 O.
546 4266 567 4320 Ι.
587 4267 623 4322 Λ.
645 4267 655 4320 l
677 4269 726 4318 322
745 4267 794 4330 in,
821 4267 870 4321 ubi
894 4271 953 4321 tros
976 4267 1115 4335 episteme
1138 4279 1264 4335 unusque
1290 4263 1472 4322 architectus

321 4355 480 4410 urooutucc
499 4354 675 4409 aedificando
694 4359 836 4423 praesunt.
