3248 4928
619 427 662 438 -
709 392 795 474 [327]
844 426 882 438 -
1283 393 1322 452 ιι

182 577 321 661 demque
343 597 457 642 manns
479 583 580 642 totum
604 579 746 644 codicem
761 578 942 644 Parisinnm
958 579 1040 642 3057
1058 579 1213 643 exaravit.
1252 576 1321 642 Ne-

183 702 259 765 que,
293 689 328 747 nt
357 681 458 747 semel
489 680 609 762 diuam,
647 681 929 766 interpolationem
956 679 1096 763 vestigia
1124 680 1158 745 in
1187 680 1320 746 violatio

182 785 367 870 quaerenda
389 791 473 868 sunt,
499 805 571 850 oum
594 783 688 850 nnius
710 784 848 850 hominis
869 783 1049 850 industriae
1063 789 1150 848 totus
1166 783 1249 849 liber
1263 783 1321 848 de-

182 890 311 970 beatur;
339 908 433 971 quem
457 887 486 953 si
509 888 582 970 quis
603 888 863 973 interpolatorem
885 887 1050 954 nominare
1068 887 1214 969 voluerit,
1240 886 1320 952 nihil

182 1012 243 1076 ego
265 991 451 1078 impediam.

268 1203 286 1286 t
310 1205 341 1265 2.
388 1201 438 1265 Ex
459 1199 676 1267 HESYOHIO
698 1199 1012 1266 ALEXANDRINO
1041 1205 1170 1285 praeter
1192 1197 1278 1263 loeos
1300 1218 1321 1262 a

182 1304 316 1370 Flaehio
339 1326 372 1390 p.
401 1307 461 1368 103
477 1323 525 1388 sq.
550 1304 701 1370 oolleetos
730 1303 786 1368 alii
815 1323 940 1388 qnoque
969 1304 1002 1368 in
1032 1303 1166 1369 violario
1195 1307 1316 1384 extant,

183 1408 272 1474 velut
293 1429 326 1493 p.
346 1411 386 1472 30
410 1407 444 1472 in
465 1409 577 1492 glossa
599 1408 679 1493 περὶ
700 1401 810 1483 Ἄϊδος
825 1412 943 1494 κυνέης
965 1406 1065 1472 verba
1087 1401 1198 1482 Ἄϊδος
1220 1409 1319 1491 κονέη

182 1549 225 1558 -
247 1504 404 1597 ἀλλήλοις
427 1518 459 1576 07
481 1512 538 1576 καὶ
561 1505 656 1588 dadon
679 1509 728 1587 εἰς
751 1504 836 1596 {idon
865 1517 898 1576 et
918 1531 950 1594 p.
978 1514 1039 1574 200
1070 1511 1127 1573 καὶ
1158 1505 1320 1596 ἒνιάρκιος

181 1653 224 1661 -
248 1601 407 1680 ἐπιπολὺ.
446 1615 536 1682 Ηο00
557 1616 665 1680 omnia
686 1614 902 1680 ePhavorino
922 1613 1018 1680 dueta
1033 1620 1117 1679 sunt.
1157 1613 1196 1678 In
1210 1614 1321 1698 glossa

181 1719 262 1804 περὶ
284 1714 506 1802 Λυγδάμιδος
527 1739 559 1803 p.
587 1723 649 1784 279
679 1719 805 1784 initium
835 1737 936 1802 nsque
965 1717 1006 1782 ad
1034 1717 1134 1782 verba
1155 1713 1241 1782 ναὸν
1262 1722 1321 1802 τῆς

181 1820 375 1908 Ἀρτέμιδος
404 1842 467 1887 000
495 1842 536 1887 ex
564 1822 736 1906 integriore
766 1822 874 1905 aliquo
903 1820 990 1886 fonte
1018 1819 1194 1900 fluxerunt3
1236 1817 1321 1901 quod

183 1925 268 1991 enim
290 1926 332 1990 ab
347 1925 510 2010 Hesyehio
532 1931 566 1991 et
580 1925 760 1992 Phavorino
782 1925 876 1992 abest
898 1922 934 1990 ἒν
957 1928 1089 2010 Εφέσῳ,
1114 1923 1151 1989 id
1173 1942 1243 1988 eum
1268 1943 1320 1988 eo-

182 2029 262 2094 dieis
285 2029 317 2095 in
340 2028 486 2112 margine
507 2035 612 2112 extet,
642 2049 683 2094 ex
704 2028 941 2113 insequentium
964 2027 1061 2111 fonte,
1087 2027 1254 2092 Eustathio
1277 2026 1321 2092 ad

181 2132 317 2217 Dionys.
343 2132 415 2198 Per.
442 2135 504 2196 823
527 2133 663 2218 petitum
686 2153 706 2197 a
728 2132 860 2198 falsario
883 2151 955 2198 esse
977 2132 1093 2198 eluoet.

266 2341 339 2426 §.t
385 2341 499 2426 Neque
529 2341 634 2425 magis
667 2339 1064 2407 HARPOCRATIONEM
1096 2336 1241 2405 Endoeia
1269 2338 1320 2404 70-

65 2509 67 2516 .
181 2445 287 2531 spexit
307 2445 422 2531 ipsum,
450 2444 509 2511 sed
531 2444 687 2531 quidquid
708 2465 749 2510 ex
772 2445 842 2511 eius
864 2445 968 2511 lexioo
990 2444 1024 2509 in
1039 2443 1172 2509 violatio
1188 2442 1316 2526 legitur,

181 2569 199 2614 e
229 2548 408 2614 Phavorino
439 2548 635 2635 descriptum
665 2555 726 2615 est.
773 2549 916 2616 Indieem
950 2549 1090 2614 looornm
1123 2545 1198 2613 vide
1231 2544 1319 2630 apud

180 2653 349 2718 Flaohium
371 2673 403 2736 p.
433 2657 512 2736 104,
545 2653 597 2718 007
624 2652 777 2720 addenda
806 2674 871 2720 una
900 2653 1011 2736 glossa
1033 2651 1112 2737 περὶ
1138 2645 1319 2734 Θεόγνιδος

180 2778 212 2843 p.
232 2760 294 2820 227
314 2755 529 2822 ePhavorino
544 2777 577 2842 p.
597 2759 659 2821 892
682 2756 872 2842 deprompta
892 2763 970 2824 tota.
1010 2754 1211 2821 Phavorinus
1233 2753 1318 2818 enim

181 2861 285 2928 fontes
306 2860 455 2926 adhibuit
475 2861 759 2946 Harpocrationem
781 2861 802 2926 i.
822 2882 854 2926 v.
883 2863 936 2944 1-
957 2855 1162 2947 Ἑλληνικῶν)
1190 2864 1222 2924 07
1244 2857 1319 2922 Sui-

180 2965 255 3031 dam
274 2965 295 3030 i.
314 2986 345 3030 v.
387 2963 487 3030 Flaoh
501 2987 532 3050 p.
553 2967 593 3030 83
609 2965 766 3031 immerito
783 2964 824 3031 de
839 2965 968 3031 Seholio
983 2965 1082 3030 Arist.
1100 2961 1181 3028 Aah.
1203 2965 1235 3024 17
1257 2960 1319 3026 loei

181 3069 337 3154 originem
360 3069 474 3152 repetit
495 3087 555 3134 nee
576 3069 762 3135 melioribus
785 3068 826 3134 de
841 3069 948 3135 eansis
964 3068 1004 3134 de
1019 3064 1318 3151 interpolationibus

180 3174 312 3257 cogitat.
358 3173 468 3258 Ipsam
498 3171 620 3237 Snidae
649 3173 792 3256 glossam
822 3195 853 3258 p.
881 3177 943 3238 232
971 3173 1102 3238 exhibet
1122 3168 1278 3235 Eudooia.
1307 3167 1318 3254 11

180 3277 230 3344 De
252 3277 387 3342 Dodona
408 3277 561 3359 glossam,
588 3295 628 3340 ex
650 3297 715 3359 qna
736 3297 769 3360 p.
791 3279 851 3340 726
871 3272 1020 3362 Δωδώνη
1037 3313 1078 3322 -
1097 3268 1314 3358 Θετταλικὴν,

180 3388 213 3446 07
234 3402 266 3465 p.
288 3385 345 3443 727
371 3378 577 3454 Δωδωναῖος
600 3377 686 3455 Ζεύς
715 3386 748 3446 07
775 3399 857 3463 quae
887 3385 1062 3462 sequnntur
1090 3379 1123 3442 in
1149 3375 1316 3442 violarium

179 3484 309 3550 venisse
331 3481 495 3550 eontendit
515 3482 650 3568 Flaoh*)
677 3505 710 3568 p.
732 3487 802 3566 104,
832 3482 920 3567 apud
942 3481 1226 3566 Harpocrationem
1249 3479 1317 3544 fru-

180 3587 415 3672 straquaesivi.
443 3587 545 3651 Immo
556 3585 606 3650 his
621 3585 792 3652 esontibus
803 3585 966 3651 Eudooiae
978 3586 1089 3668 glossa
1100 3583 1236 3649 conflata
1247 3590 1313 3648 est:

181 3795 329 3861 δωναίον
350 3790 435 3870 Διός
464 3815 503 3859 ex
530 3794 621 3860 Eust.
647 3793 740 3860 Hom.
766 3815 797 3878 p.
818 3797 879 3860 335
902 3791 1002 3858 habet
1022 3793 1160 3858 Phavor.
1186 3813 1219 3877 p.
1238 3795 1310 3870 547,

179 3898 400 3966 ePhavorino
422 3897 505 3962 Eud.
538 3895 551 3980 ΙΙ
589 3898 618 3982 2)
647 3893 684 3961 ἐν
705 3903 744 3981 τῇ
771 3889 1009 3982 ...Ἠπείρῳ
1033 3899 1166 3982 κειμένη
1195 3894 1200 3983 Ι
1231 3893 1268 3959 ἐν
1291 3883 1317 3978 ᾧ

178 4002 315 4067 ἵσταται
336 4001 416 4088 δρῦς
437 4037 481 4046 —-
503 3999 725 4086 προφητίδων
744 3999 748 4087 1
769 3999 918 4066 εἰσίεσαν
936 4039 979 4048 -
1001 4001 1090 4084 λέγει
1112 3992 1130 4064 ὃ
1147 3996 1233 4074 Ζεύς
1253 3999 1257 4084 l
1278 3993 1315 4061 τὸ

190 4163 385 4170 --—-—..—-.

250 4247 272 4310 *3
293 4245 326 4300 ln
343 4245 466 4299 editione
485 4243 595 4298 violarii
615 4244 688 4298 idem
708 4259 735 4298 v.
756 4244 783 4298 d.
805 4242 938 4312 Stephani
957 4241 1025 4310 Byz.
1046 4243 1168 4308 glossam
1191 4236 1315 4306 Δωδώνη

180 4331 262 4386 huius
280 4331 381 4401 eapitis
399 4329 503 4385 fontem
522 4331 632 4386 statuit.
