3274 4934
630 431 672 440 -
719 395 804 476 [157]
851 431 895 440 -

263 765 323 857 ΒΕ
349 763 547 857 sutilius
577 762 893 856 idolothitis
920 765 967 855 IN
995 763 1252 858 HllNOlllllUS

620 903 904 996 lltlBUllNDIS.

280 1108 498 1172 Transeamus
521 1125 606 1170 nunc
627 1104 670 1170 ad
697 1111 889 1189 potestatem
918 1104 951 1170 in
978 1104 1149 1170 bonoribus
1179 1105 1326 1190 publicis,

157 1241 164 1262 .
193 1212 306 1296 quales
330 1217 404 1276 sunt
425 1208 629 1275 laudationes
652 1228 788 1274 coronae
811 1208 977 1294 proscenia,
1003 1208 1181 1276 tribuendis
1204 1208 1330 1275 senatui

195 1334 390 1382 concessam.
437 1314 485 1380 Ac
507 1313 642 1397 primurn
665 1311 794 1395 quidem
818 1320 954 1398 apparet
981 1314 1126 1396 quemvis
1155 1313 1327 1387 hominem,

196 1421 251 1502 qui
278 1419 319 1484 de
347 1423 460 1484 senatu
483 1417 565 1483 bene
594 1415 726 1482 meritus
748 1423 844 1500 esset,
880 1417 921 1483 ab
952 1437 989 1482 eo
1018 1417 1121 1503 ipsius
1151 1417 1277 1482 nomine
1300 1423 1333 1483 et

194 1521 354 1608 privatim,
380 1529 416 1587 nt
437 1521 483 1588 ita
504 1519 621 1603 dicam,
647 1519 775 1586 landari
798 1521 849 1586 uel
865 1520 1007 1586 coronari
1023 1520 1175 1606 potuisse,
1203 1539 1332 1607 prorsus

195 1633 229 1692 nt
250 1626 382 1693 cuilibet
404 1624 541 1710 collegio
562 1625 807 1709 magistratuum
830 1645 1029 1710 paganorum
1057 1624 1220 1691 tribulium
1249 1624 1331 1690 alio-

195 1751 263 1796 rum
285 1729 371 1796 viros
392 1730 474 1796 bene
496 1729 626 1796 meritos
648 1727 782 1795 laudare
804 1729 857 1795 vel
880 1748 1030 1795 coronare
1045 1728 1219 1794 licebat-
1239 1729 1333 1794 duma

195 1834 289 1900 modo
312 1855 354 1900 nc
375 1833 512 1920 pecnnia
540 1833 606 1900 illis
629 1833 802 1900 honoribus
824 1831 1040 1919 impendenda
1063 1852 1103 1898 err
1125 1832 1251 1899 aerario
1271 1842 1330 1918 pb-

195 1939 278 2005 blico
301 1945 496 2024 erogaretur.
523 1938 909 2005 venenantur
934 1943 1061 2004 senator
1083 1937 1214 2021 quidam
1236 1959 1257 2004 a
1279 1957 1331 2004 se-

194 2049 271 2110 natu
307 2042 458 2110 laudatur
486 2041 546 2109 hoe
574 2043 701 2110 decreto
731 2042 815 2110 factu
850 2043 887 2127 (Α
909 2063 939 2108 v.
967 2045 1018 2126 tl:
1051 2045 1162 2129 κρίσιν
1191 2049 1333 2129 ποιῆσαι

195 2153 261 2214 τῶν
282 2143 450 2232 λεγόντων
473 2145 509 2212 ἒν
530 2153 569 2231 τῇ
591 2148 696 2231 βουλῇ
721 2145 779 2212 ἐπὶ
801 2153 859 2234 τῆς
882 2142 1001 2233 ἐνάτης
1021 2148 1255 2232 aporialrclug
1276 2146 1331 2210 aul

194 2257 332 2336 τιμῆσαι
363 2247 400 2326 ὃς
430 2243 472 2316 ἂν
501 2249 580 2334 δοκῇ
615 2243 698 2334 αὐτῇ
729 2243 850 2336 ἄριστα
880 2250 987 2334 λέγων
1015 2250 1070 2314 καὶ
1094 2246 1254 2334 πράττων
1276 2250 1332 2313 καὶ

195 2349 457 2441 ἀδωροδοκήτως
486 2347 573 2440 ὑπὲρ
607 2361 665 2441 τῆς
688 2355 811 2441 βουλῆς
841 2355 897 2419 καὶ
927 2360 987 2420 τοῦ
1017 2352 1124 2441 dp'pou
1152 2361 1212 2418 τοῦ
1234 2350 1332 2440 Ἀθη-

127 2453 133 2463 ’
194 2463 300 2526 ναίων
323 2458 587 2524 diuturnitatem
609 2457 669 2524 τὸν
692 2455 857 2524 ἐνιαυτόν.
890 2457 1076 2524 Destinatus
1091 2456 1327 2539 Phanodemus,

194 2563 249 2648 qui
279 2583 379 2630 aurea
406 2583 523 2629 corona
552 2563 705 2646 donatur,
741 2563 784 2628 ad
813 2583 908 2646 quam
932 2563 1113 2630 faciendam
1136 2562 1331 2647 quingentae

193 2667 366 2734 drachmae
382 2687 429 2733 ex
447 2667 607 2734 aerario
630 2673 800 2734 senatus
822 2667 1040 2751 assignantur:
1061 2664 1098 2732 τὸ
1116 2667 1152 2732 δὲ
1170 2660 1330 2753 ἀργύριον

193 2763 281 2836 εἶναι
304 2765 342 2834 τὸ
366 2768 415 2847 εἰς
436 2768 496 2836 τὸν
515 2773 712 2857 [ortlpuvov
735 2768 770 2835 ἐκ
794 2777 859 2837 τῶν
881 2769 929 2847 εἰς
951 2769 993 2834 τὰ
1015 2767 1101 2836 κατὰ
1125 2773 1331 2858 ψηφίσματα

193 2867 468 2957 ἀναλισκομένων
490 2881 529 2960 τῇ
551 2875 667 2959 βουλῇ.
716 2875 753 2940 ln
782 2874 895 2942 eadem
918 2873 1125 2959 inscriptione
1148 2874 1229 2940 alter
1251 2893 1331 2958 qno-

192 2997 254 3061 que
277 2985 404 3046 senator
433 2999 495 3045 non
525 2978 655 3048 arbitrio
685 2979 785 3062 laeto,
820 2977 878 3044 sed
907 2977 1062 3044 suadente
1086 2999 1148 3044 uno
1171 2999 1211 3044 ex
1233 2997 1329 3044 sena-

191 3081 313 3149 toribus
343 3103 459 3150 corona
487 3103 586 3174 aurea
614 3082 861 3168 quingentarum
891 3081 1115 3148 drachmarum
1142 3082 1325 3163 honoratur,

192 3207 289 3272 quam
305 3187 478 3273 Brachyllo
494 3193 626 3272 rogante
643 3187 781 3272 quinque
797 3187 977 3269 βουλευταί
992 3187 1129 3271 pecunia
1143 3187 1193 3252 ab
1208 3185 1334 3252 omni·

193 3292 266 3358 bus
282 3291 547 3358 senatoribus
563 3292 680 3358 collata
695 3291 802 3358 iacere
813 3291 975 3358 iubentur:
997 3285 1115 3374 ὅπως]
1129 3284 1157 3355 δ’
1170 3283 1211 3356 ἂν
1223 3291 1334 3377 ποηθῇ

198 3389 215 3460 ὃ
247 3400 416 3482 στέφανος
453 3397 509 3462 καὶ
531 3385 550 3481 ᾗ
579 3391 713 3482 φανερὰ
743 3389 759 3482 ἡ
792 3391 901 3480 dmpsit
926 3387 942 3480 ἡ
970 3392 1080 3480 rrcclpri
1103 3401 1161 3480 τῆς
1182 3394 1330 3480 plorabile,

194 3497 330 3565 ἑλέσθαι
345 3503 446 3567 πέντε
471 3495 595 3585 ἄνδρας
618 3497 679 3586 τὴν
700 3497 827 3586 βουλὴν
849 3492 970 3564 αὐτίκα
985 3495 1077 3582 μάλα
1101 3496 1222 3574 οἵτινες
1246 3495 1334 3584 ποή-
1401 3557 1403 3562 .

194 3625 313 3670 norror
334 3600 394 3671 τὸν
417 3607 589 3692 στέφανον
609 3641 626 3652 -
641 3641 658 3651 -
672 3641 690 3652 -
704 3641 722 3652 -
748 3600 797 3687 [τὸ
821 3602 858 3668 δὲ
882 3597 1058 3688 ἀρ]γύρ,ιον
1080 3596 1168 3668 εἶναι
1197 3601 1245 3679 εἰς
1273 3599 1333 3668 τὸν

191 3713 362 3796 στέφανον
384 3703 492 3795 π[α]ρ’
524 3706 692 3794 [baiobaros
715 3715 780 3775 τῶν
802 3708 1002 3791 βουλευτῶν.
1050 3709 1142 3774 Hane
1164 3707 1329 3792 Brachylli

189 3813 390 3898 rogationem
414 3817 578 3880 senatores
601 3812 702 3879 secuti
725 3819 801 3879 sunt
822 3811 941 3878 reiecta
956 3810 1130 3879 Anticratls
1149 3811 1327 3894 cuiusdam,

191 3918 246 4000 qni
268 3917 354 3984 idem
377 3917 461 4002 quod
477 3916 517 3983 dc
532 3915 739 3983 Phanodemo
762 3923 832 3983 erat
853 3915 1016 3982 decretum
1039 3921 1225 4001 rogaverat:
1252 3910 1330 3990 τοὺς

193 4019 229 4086 δὲ
259 4022 397 4105 anplius
427 4020 545 4087 δοῦναι
573 4019 625 4106 alb
659 4014 820 4106 ἀργύριον
851 4017 886 4085 ἐκ
917 4025 983 4086 τῶν
1012 4017 1098 4085 κατὰ
1128 4023 1334 4106 ψηφίσματα

195 4119 497 4210 ἀναμισκοῂιένων
518 4130 557 4210 τῇ
579 4125 695 4210 βουλῇ.

280 4231 342 4296 Per
356 4229 578 4316 psephismata
594 4249 749 4297 summam
766 4229 922 4316 pecuniae
938 4235 1084 4296 asenatu
1099 4225 1335 4314 impendendae

190 4339 341 4404 statutam
365 4354 438 4404 esso
460 4355 501 4404 ex
524 4335 584 4402 hoc
607 4333 826 4404 tantummodo
850 4331 959 4424 lapide
975 4339 1007 4402 et
1021 4355 1052 4402 n.
1074 4337 1111 4399 61
1131 4335 1327 4423 compertum
