3276 4932
683 1112 1033 1200 Appendim

765 1303 972 1386 xxxvffl.

386 1493 470 1558 Ante
491 1492 549 1558 hes
572 1511 692 1575 pausos
714 1511 843 1558 menses
866 1513 937 1558 enm
954 1493 1017 1557 iam
1041 1493 1121 1558 haee
1139 1493 1179 1558 de
1195 1493 1437 1578 epigrammatis

300 1595 425 1679 graecis
437 1595 629 1682 inAegypto
640 1596 775 1680 repertis
790 1595 1014 1660 commentatio
1031 1595 1116 1681 typis
1129 1596 1281 1662 mandata
1292 1604 1388 1678 esset,
1403 1598 1437 1662 in

300 1699 524 1781 antiquitatum
540 1699 764 1784 aegyptiarum
781 1699 927 1764 Museum
939 1699 1147 1764 Berelinense
1163 1699 1246 1785 lapis
1262 1701 1381 1766 Oahira
1396 1721 1437 1766 ex

302 1805 380 1869 urbe
396 1803 549 1869 adveeius
565 1811 615 1869 est
635 1805 675 1885 (n.
696 1806 789 1886 7974]
813 1803 1044 1886 epigrammate
1060 1814 1198 1884 ornatus,
1225 1804 1310 1886 qued
1327 1811 1361 1869 ut
1376 1805 1438 1871 hoe

301 1909 369 1972 loeo
392 1906 584 1972 adderemus
607 1926 638 1970 v.
657 1907 698 1971 el.
717 1906 853 1990 Lepsius
875 1905 1105 1989 benignissime
1128 1905 1295 1972 consessit.
1336 1908 1438 1992 Lapis

301 2017 351 2075 est
365 2009 521 2075 calcatius
537 2012 578 2072 52
595 2029 654 2074 em.
673 2010 770 2088 altus,
797 2011 837 2072 32
854 2030 914 2074 em.
934 2010 1029 2092 latua,
1056 2029 1149 2102 quem
1166 2029 1263 2093 prope
1280 2009 1439 2093 Memphi-

300 2113 350 2178 dir
366 2113 483 2179 rudera
497 2119 657 2197 repertum
673 2132 746 2177 esse
762 2112 935 2177 verisimile
950 2119 1014 2178 est:
1042 2113 1096 2178 ubi
1112 2113 1171 2178 sub
1192 2113 1332 2196 imagine
1348 2115 1437 2179 ursei

300 2217 356 2301 qui
371 2217 487 2283 dieitur
504 2216 660 2302 serpentis
676 2217 766 2280 euius
782 2224 877 2300 eaput
900 2217 1047 2282 cornibus
1062 2224 1157 2300 atque
1179 2217 1257 2282 sniis
1273 2217 1362 2283 diseo
1378 2239 1438 2283 ex-

300 2329 444 2387 ornatum
468 2327 517 2386 est
539 2321 572 2386 hi
595 2340 708 2386 versus
731 2320 855 2386 exarati
878 2327 951 2386 sunt
972 2320 1088 2386 litteris
1111 2325 1367 2405 0,006-0‚008
1390 2343 1435 2386 m.

301 2426 376 2490 aliis
395 2429 435 2509 (v.
453 2426 520 2490 tab.
538 2425 601 2509 Π);

375 2617 484 2699 Eripis
500 2613 583 2678 λᾶον
598 2619 776 2678 κατενῶπα
792 2609 951 2696 πελώριον
966 2611 1003 2678 ἒν
1018 2609 1192 2697 τριόδοισι,

417 2717 514 2799 ξεῖνε,
534 2717 590 2780 καὶ
606 2709 757 2802 εὑρήσεις
773 2713 944 2801 γράμματι
960 2713 1178 2803 ῥηγνύμενον.

372 2814 415 2906 ἠὺ
429 2814 462 2885 δ’
481 2813 552 2884 ὅπα
568 2824 727 2916 προχέων
742 2817 923 2902 σσενάχιζε’
940 2843 981 2904 με
998 2816 1058 2906 τὴν
1073 2820 1314 2905 προμολοῦσαν

416 2923 464 3000 εἰς
481 2922 615 3010 ἐνέρους
631 2917 728 3010 ὁσίην
744 2917 872 2988 ἀσπίδα
889 2924 1045 3010 τρλέβιον

317 3053 329 3092 ι
373 3028 566 3110 δυσμενέων
581 3021 649 3098 ὑπὸ
665 3031 770 3112 χερσί.
804 3031 836 3090 τί
853 3049 907 3091 σοι
921 3027 1037 3109 πλέον,
1057 3021 1208 3094 αἰνέσατ’
1227 3021 1368 3114 ἀνδρῶν,

418 3129 519 3211 ἐστίν,
539 3125 592 3194 ὅτι
608 3129 694 3216 ζωῆς
710 3129 806 3216 τῆςδέ
821 3155 862 3212 με
879 3125 1107 3216 ἀπεστέρεσας
1118 3159 1130 3204 ,·

374 3235 428 3298 σολ
444 3231 507 3318 γὰρ
523 3228 610 3315 ὁμοῦ
625 3235 683 3296 καὶ
698 3231 810 3319 ἕρεσσι
825 3227 944 3320 πέλωρ’
963 3231 1026 3316 ἐμὰ
1042 3227 1203 3298 θεσπέσι)
1222 3231 1327 3298 ἔσται·

417 3333 477 3404 οὐκ
494 3337 546 3424 οἴη
553 3339 591 3421 (ν)
613 3335 671 3402 ἐπὶ
686 3343 746 3424 γῆς
760 3333 896 3413 ἔκτανες
911 3326 1018 3403 οὖσαν
1033 3336 1100 3422 ἐμέ,

375 3435 452 3506 ἀλλ’
471 3435 601 3526 ὅσαπερ
619 3437 787 3525 paperem
802 3439 897 3525 παρὰ
912 3433 987 3505 θῖν’
1007 3434 1089 3516 ἁλὸς
1103 3439 1201 3522 ἐ’σχεν
1216 3433 1360 3528 ἆριθμά,

304 3570 329 3612 ιο
416 3543 541 3610 τόσσον
556 3541 753 3626 ἐπιχθόνιοι
768 3549 873 3630 θῆρες
889 3541 1003 3625 έχουσι
1019 3548 1126 3629 γένος·

375 3638 394 3736 ἦ
411 3649 448 3713 σέ
464 3649 527 3730 μὲν
543 3643 604 3729 οιίχ
619 3642 761 3729 ὕπατον,
782 3645 939 3729 πύματον
955 3641 986 3712 δ’
1006 3642 1127 3734 ὅιδιῄν]
1148 3647 1337 3713 πελάσοοσι

417 3747 547 3834 ὄμμασι
563 3749 765 3838 δερκόμενον
781 3757 848 3816 σιἀν
864 3751 967 3835 ἐρέων
986 3749 1150 3816 θάνατον.

390 3924 587 4009 Sepuleralis
610 3925 720 3989 titulus
736 3925 769 3988 in
787 3925 880 3989 tn'vio
896 3925 1070 3989 collocatus
1092 3923 1152 3988 fuit
1167 3923 1257 3988 uraei
1270 3927 1304 4006 ¹),
1331 3924 1388 4005 qui
1404 3926 1447 3988 ab

302 4027 402 4110 impia
417 4047 513 4092 manu
529 4032 662 4092 necatus
684 4026 735 4092 his
751 4027 857 4092 verbis
875 4033 908 4092 et
929 4026 1060 4094 sisteris
1083 4026 1336 4092 misericordiam
1354 4027 1447 4092 exei-

374 4232 392 4296 ¹)
416 4231 444 4286 Is
462 4247 577 4300 serpens
598 4249 654 4286 non
672 4233 832 4304 anaglypho
851 4239 958 4288 tantum
976 4234 1027 4288 sed
1045 4234 1130 4288 etiam
1143 4233 1253 4288 nomine
1266 4230 1355 4289 ἀσπίς
1369 4240 1453 4290 certo

304 4317 477 4388 designatur.
520 4319 650 4374 Ceterum
674 4316 709 4373 ef.
728 4319 873 4390 Horapoli.
899 4320 953 4384 (ed.
969 4321 1113 4376 Leemens.
1144 4313 1358 4382 Amstel.1835)
1379 4322 1402 4386 1,
1422 4323 1450 4378 1:
