3244 4932
337 455 376 516 12
857 449 946 535 [rso]

261 681 264 689 ι
335 649 524 729 praeceptor
538 662 628 707 meus
645 641 859 728 descriptione
874 663 1023 708 versuum
1037 644 1243 708 iambiccrum
1255 644 1466 729 significarit¹

335 755 368 813 et
389 749 420 813 in
443 746 559 812 scholis
582 745 787 824 confirmavit,
811 745 887 810 mihi
911 768 1040 833 quoque
1063 748 1225 832 probatur.

437 851 585 936 Pernego
608 851 716 936 itaque
740 872 849 917 verum
872 873 943 918 csse
968 850 1052 939 quod
1071 852 1239 938 Westphal
1262 858 1371 918 contra
1393 871 1469 916 con·

335 957 487 1022 iecturam
518 957 610 1022 nobis
640 957 806 1042 probatam
834 959 969 1042 protulit
997 959 1149 1043 primum,
1180 979 1288 1023 sersus
1316 956 1470 1021 iambicos

337 1081 406 1126 esse
428 1059 596 1126 trochaeos
619 1061 765 1126 anacrusi
788 1067 910 1126 auctos.

439 1163 574 1230 Tertio
588 1165 660 1229 loco
675 1173 787 1230 contra
806 1163 1042 1230 Goldmannum
1056 1165 1177 1249 profert
1192 1162 1361 1251 Westphal
1375 1163 1469 1248 hym·

335 1291 393 1334 nos
408 1290 427 1332 a
444 1267 626 1334 Mesomedc
650 1269 853 1354 compositos.
890 1268 929 1333 ln
945 1269 1058 1355 quibus
1074 1291 1146 1334 cum
1162 1290 1275 1334 versus
1290 1267 1470 1334 catalectici

335 1373 380 1437 ita
403 1373 485 1438 notis
506 1372 632 1436 musicis
656 1373 718 1438 sint
741 1373 895 1454 instructi,
920 1379 954 1437 ut
972 1373 1198 1458 paenultimam
1222 1371 1379 1458 syllabam
1395 1393 1470 1436 esse

335 1477 497 1542 trisemam
518 1483 682 1562 appareat,
704 1479 800 1542 etiam
831 1477 862 1542 in
892 1477 1004 1542 mediis
1033 1477 1175 1542 versibus
1199 1496 1262 1540 non
1292 1475 1467 1562 sequentis,

335 1581 392 1646 sed
422 1581 641 1666 praecedentis
670 1582 800 1648 theseos
830 1581 1074 1666 prolongatione
1105 1581 1199 1660 arsin,
1228 1599 1311 1665 quae
1339 1578 1470 1642 sublata

336 1685 441 1766 luerit,
464 1707 534 1751 esse
557 1692 794 1770 compensatam
819 1685 951 1751 dubium
974 1705 1043 1749 csse
1068 1704 1130 1748 non
1154 1705 1258 1769 posse.

439 1789 487 1854 Ac
511 1789 652 1875 profecto
676 1790 702 1855 si
724 1789 802 1853 illud
826 1796 875 1855 est
891 1809 1009 1870 verum,
1032 1809 1098 1852 non
1112 1797 1221 1873 potest
1237 1809 1300 1852 non
1316 1788 1378 1851 hoc
1394 1807 1469 1850 con·

335 1895 415 1960 cedi.
455 1893 519 1959 Sed
542 1895 727 1980 negaverim
749 1895 944 1959 notationem
968 1915 1037 1960 esse
1060 1892 1224 1975 eiusmodi,
1246 1911 1346 1977 equa
1360 1911 1470 1956 ncces·

336 1999 419 2064 sario
441 1997 518 2062 illud
543 2005 704 2086 sequatur.
753 1998 833 2063 Cum
856 1997 1083 2084 eWestphalii
1099 1998 1213 2076 verbis,
1235 1994 1398 2081 quomodo
1420 2015 1470 2058 res

336 2124 408 2168 sese
431 2102 558 2182 habeat,
580 2123 644 2168 non
667 2104 767 2188 possit
789 2103 939 2188 intellegi,
962 2103 1058 2188 paulo
1084 2103 1212 2168 uberius
1234 2101 1340 2185 capita
1361 2119 1468 2164 rerum

337 2211 476 2290 tangam.

440 2307 478 2374 ln
501 2309 617 2395 hymno
641 2333 660 2374 a
683 2309 871 2377 llescmede
901 2311 932 2374 in
956 2310 1081 2375 hlnsam
1110 2307 1297 2393 tetrapcdiis
1327 2304 1469 2372 iambicis

339 2413 506 2478 holocleris
538 2421 569 2479 et
598 2415 789 2480 catalecticis
819 2415 924 2479 mixtis
954 2415 1148 2500 composito,
1180 2414 1267 2478 cuius
1295 2411 1470 2476 notationis

338 2519 475 2582 maxima
498 2539 571 2602 pars
595 2520 625 2583 in
649 2519 757 2584 codice
781 2518 945 2584 hiarciano
968 2518 1095 2584 Veneto
1118 2518 1235 2582 sacculi
1259 2515 1307 2581 XI
1331 2523 1380 2580 cst
1404 2537 1469 2580 ser-

338 2623 441 2704 vata,‘-'
476 2643 546 2686 cum
578 2623 609 2686 in
646 2623 789 2689 versibus
823 2624 991 2689 holocleris
1024 2645 1175 2690 numerus
1209 2621 1401 2706 syllabarum
1437 2629 1469 2686 et

442 2800 450 2833 ¹
469 2799 509 2849 Da
527 2797 642 2850 canticis
662 2799 795 2850 Plautinis
814 2815 840 2866 p.
859 2797 893 2850 al
910 2815 970 2866 sqq.

440 2885 450 2919 ²
468 2883 560 2936 Codex
580 2885 736 2938 Marcianus
756 2885 876 2938 Venetus
900 2903 1017 2952 graecus
1042 2885 1080 2937 VI
1097 2884 1130 2937 10
1148 2882 1296 2934 membran.
1329 2879 1374 2932 iol.
1393 2896 1468 2932 saco.

337 2971 377 3023 XI
396 2973 465 3021 testo
485 2967 603 3022 Rndolio
622 2971 769 3032 Schoollio,
789 2973 836 3040 qui
854 2988 926 3024 anno
949 2971 1013 3024 1867
1032 2971 1103 3022 hunc
1122 2969 1220 3021 librum
1238 2968 1324 3020 obiter
1337 2968 1468 3034 inspexit,

337 3057 364 3108 in
383 3055 437 3107 linc
456 3057 577 3108 continet
594 3057 710 3124 hymnos
730 3056 908 3110 Mesomedis:

537 3163 581 3222 Εἷς
594 3162 691 3229 μοῦσαν

440 3255 529 3314 ἴαμβος
902 3257 992 3315 ἴαμβος
1009 3255 1128 3319 βακχεῖος

498 3341 543 3398 Εζζ
605 3341 663 3389 ΦΨ
682 3343 710 3389 Φ
785 3351 826 3387 C:
913 3337 984 3388 orror*
1136 3339 1164 3386 ‘l‘
1188 3358 1207 3398 μ
1225 3358 1243 3400 μ

456 3407 522 3458 ἄειδε
538 3429 647 3472 pauca
688 3431 730 3466 μοι
766 3413 823 3472 φίλη
905 3399 1003 3474 μολπῆς
1021 3403 1104 3471 δ’ὶμῆς
1122 3401 1247 3470 κατάρχου

502 3532 542 3590 ζ-
575 3533 587 3589 ξ
623 3533 635 3580 t
715 3533 833 3594 tqHII
931 3553 950 3592 μ
978 3533 1054 3589 cnr
1084 3531 1130 3578 ‹r›:
1166 3530 1262 3588 niro:

489 3598 549 3666 αὔρη
567 3598 595 3650 δὲ
614 3597 664 3650 noir
681 3597 725 3650 ἄπ’
752 3597 845 3650 &luetur
931 3595 990 3664 ὶμᾶς
1031 3617 1119 3662 operas
1143 3595 1248 3646 δονείτω
1284 3599 1336 3642 elo.
1356 3595 1407 3643 eto.

337 3713 436 3768 deindo
463 3721 537 3784 ὕμνος
560 3721 593 3777 εἷς
620 3725 685 3786 r'ylrcr
745 3717 884 3785 εὖφαμείιω
909 3717 958 3778 nor
985 3715 1062 3786 αἰθήρ
1091 3721 1143 3768 κτλ.
1184 3715 1235 3767 soli
1265 3729 1357 3765 versus
1375 3713 1470 3766 6-13

336 3872 437 3938 (tavistoc
460 3870 621 3940 ἆκσρσεκόμας
644 3900 670 3908 -
693 3829 776 3944 cri-(tib
799 3873 950 3940 solvimur«
978 3870 1074 3944 πᾰγαν)
1101 3873 1174 3924 notis
1202 3869 1310 3922 musicis
1338 3868 1465 3920 instructi

336 3963 409 4008 sunt.

441 4047 515 4112 ὕμνος
533 4055 676 4115 νιμείιεωςτ

336 4137 419 4197 νέμεαι
437 4130 573 4198 πηρόεσσα
590 4142 649 4198 βίον
666 4134 733 4206 ῥοπαὶ
817 4135 931 4189 avorum
950 4133 997 4186 aui
1017 4132 1125 4203 θύγατερ
1143 4133 1211 4192 δίκας

336 4213 410 4284 (sino
429 4217 501 4268 uotis
520 4218 651 4285 musicis),
674 4221 787 4287 explicit
805 4221 833 4273 in
853 4221 980 4273 columna
999 4221 1089 4286 priore
1108 4217 1194 4270 ultimi
1215 4217 1272 4270 lolii
1290 4215 1343 4267 sic:

644 4323 660 4376 ἃ
678 4324 725 4393 τήν
741 4323 850 4394 μεγᾶλαν
868 4333 937 4394 ophra
953 4325 1057 4392 βροτῶν

644 4421 760 4476 νεμέσεως
777 4421 884 4483 αφαιρεῖς
902 4417 942 4463 καὶ
960 4407 1112 4481 ταρτᾶρουΐ
