3248 4928
643 419 685 428 -
732 384 817 466 [aas]
864 419 906 428 -
1305 384 1343 444 13

206 569 340 636 excribit
368 590 464 654 quam
487 570 647 652 Eudocia,
681 573 770 638 velut
792 568 947 654 Βάκχους
971 567 1113 664 ἐκάλουν
1142 577 1215 657 post
1245 567 1342 656 άρχια

206 693 277 750 oum
301 673 431 738 scholiis
455 671 563 740 servat
585 674 798 757 Phavorinus,
824 676 941 741 omittit
963 675 1116 741 Eudocia.
1150 674 1163 758 ))
1194 675 1222 756 2)
1251 670 1342 736 Βάκ-

205 776 493 860 χος-παιδιαῖς
517 779 646 844 Cornut.
667 781 719 844 30.
751 780 764 864 )Ι
795 781 824 863 3)
849 778 981 862 Βάκχαι
997 778 1089 843 δὲ-
1110 771 1234 842 ὀπαδοὶ
1253 775 1343 840 Βάκ-

205 905 268 963 χου
296 881 425 964 (Suidas
439 882 462 947 i.
481 885 524 966 ν.)
552 881 750 948 Phanorinus
772 904 805 967 p.
825 887 899 948 349.
933 883 945 968 ))
977 887 1004 967 4)
1033 882 1089 946 καὶ
1105 878 1285 967 Βασσάραι
1301 919 1344 927 -

207 980 382 1072 ἠσχολεῖτο
418 985 518 1070 (Eust.
550 985 643 1051 Hom.
677 1008 709 1072 p.
736 988 807 1072 989)
843 987 943 1052 Phav.
977 1007 1010 1071 p.
1036 989 1110 1051 356.
1144 985 1156 1070 ΙΙ
1192 986 1221 1068 5)
1250 978 1345 1049 ἄλλοι

207 1089 243 1152 δὲ
258 1128 300 1137 -
317 1086 527 1171 ἐπόμπευον.
566 1089 594 1153 Β
617 1089 798 1171 Phavorino
823 1113 855 1176 p.
875 1093 933 1154 391
960 1089 1041 1157 haec
1062 1088 1253 1176 profluxisse
1268 1087 1344 1153 inde

206 1193 383 1276 colligitur,
417 1191 502 1277 quod
530 1193 632 1258 isdem
659 1193 766 1259 verbis
795 1193 882 1279 apud
908 1215 979 1260 eum
1004 1194 1171 1260 coniuncta
1193 1193 1344 1275 leguntur

206 1315 246 1362 ex
276 1295 416 1381 Etymol.
448 1297 491 1362 M.
518 1300 598 1380 214,
633 1300 673 1362 39
704 1294 856 1383 Βρόμιον
878 1336 919 1345 -
941 1303 1085 1386 βροντῆς
1113 1304 1146 1364 et
1172 1291 1192 1383 ἢ
1221 1289 1274 1360 ὅτι
1302 1332 1339 1342 -

206 1397 415 1484 ἒιιάμιτεσον,
441 1421 524 1484 quae
547 1401 633 1466 unde
651 1401 772 1467 habeat
786 1401 995 1487 Phavorinus,
1021 1423 1084 1468 non
1106 1401 1244 1486 reperio.
1281 1399 1343 1466 Oe-

204 1510 307 1569 terum
336 1504 396 1570 hoo
425 1504 496 1570 loco
523 1504 558 1569 in
588 1504 699 1570 codice
722 1505 861 1590 vestigia
882 1505 1016 1590 originis
1038 1505 1164 1571 violarii
1187 1509 1343 1590 apparent

205 1607 303 1674 haec:
337 1616 412 1694 post
440 1607 595 1685 παιδιαῖς
624 1629 735 1675 rasura
764 1609 941 1676 litterarum
964 1610 1058 1675 rubro
1081 1609 1270 1695 scriptarum
1292 1607 1342 1672 in-

205 1711 289 1778 dicio
312 1719 362 1778 est
384 1711 503 1778 codicis
525 1713 661 1778 Parisini
685 1713 851 1778 librarium
874 1713 895 1778 i.
922 1733 951 1779 e.
977 1712 1162 1796 falsarium,
1195 1712 1247 1778 eui
1272 1711 1342 1776 vio-

205 1815 320 1881 larium
344 1815 493 1898 debetur,
525 1823 599 1902 post
628 1817 788 1903 excriptas
816 1817 898 1883 duas
921 1837 940 1882 e
961 1815 1140 1882 Phavorino
1168 1821 1201 1882 et
1222 1835 1240 1880 e
1263 1814 1341 1880 Cor-

205 1927 281 1984 nuto
308 1928 418 2005 partes
448 1920 545 1984 finem
574 1919 680 1985 lacere
710 1921 851 1988 voluisse
873 1921 1002 2006 glossae
1024 1939 1190 2004 novaeque
1212 1917 1339 1984 titulum

203 2023 351 2107 posuisse
380 2025 463 2106 (nam
486 2023 591 2089 rubris
614 2024 730 2090 litteris
754 2024 910 2091 eiusmodi
933 2025 1043 2091 titulos
1065 2021 1220 2106 distingui
1236 2021 1340 2086 solere

202 2147 235 2210 p.
255 2131 273 2190 4
298 2127 416 2212 docui),
447 2127 586 2193 inventis
608 2133 716 2193 autem
739 2128 931 2212 quibusdam
953 2127 1098 2194 eiusdem
1120 2124 1299 2209 a1·gumenti
1322 2143 1339 2189 e

203 2229 385 2296 Phavorino
412 2231 530 2315 glossis
553 2231 645 2297 titulo
666 2230 724 2297 illo
747 2251 839 2298 eraso
862 2233 962 2299 verba
985 2229 1117 2313 Βάκχαι
1139 2229 1175 2294 δὲ
1202 2234 1234 2295 et
1255 2247 1339 2312 quae

202 2341 380 2418 sequuntur
401 2353 503 2418 usque
525 2335 568 2400 ad
590 2334 686 2401 finem
709 2335 910 2421 adposuisse.
951 2337 1121 2401 Praeterea
1139 2332 1225 2399 idem
1240 2332 1340 2396 libra-

203 2437 268 2502 rius
291 2437 372 2504 haec
395 2437 581 2524 adscripsit:
619 2433 636 2525 ἢ
659 2436 801 2525 βρόμιος
824 2437 919 2526 σαρδι
941 2435 1001 2504 τὸν
1022 2435 1169 2524 βρόμον·
1196 2436 1253 2500 καὶ
1275 2431 1338 2520 γὰρ

204 2565 234 2605 κ.
260 2565 289 2605 ι.
315 2541 345 2606 λ.
371 2542 539 2626 usquead
562 2540 599 2608 ἐν
622 2537 715 2628 ὄρεσι
737 2539 800 2610 σὺν
821 2541 964 2626 βάκχαις
990 2543 1042 2627 (ei.
1061 2541 1160 2607 verba
1175 2540 1334 2624 glossae);

202 2644 282 2711 haec
304 2645 408 2712 rubris
431 2645 524 2711 lineis
546 2645 741 2712 transductis
763 2646 872 2714 deleta
887 2647 921 2712 in
935 2646 1080 2731 margine
1096 2651 1217 2711 extant.
1253 2643 1339 2708 Inci-

203 2748 251 2814 dit
272 2749 356 2814 enim
380 2749 448 2815 sine
465 2748 562 2815 dubio
577 2749 727 2815 librarius
742 2750 872 2836 ineptus
886 2750 1052 2832 aliquanto
1066 2757 1235 2833 postquam
1250 2748 1338 2832 glos-

202 2871 271 2917 sam
294 2851 436 2938 scripsit,
467 2853 555 2938 apud
577 2852 790 2918 Phavorinnm
814 2854 846 2918 in
868 2853 961 2918 illnm
984 2853 1087 2918 locum
1110 2873 1143 2938 p.
1171 2855 1229 2916 391
1255 2851 1338 2917 obli-

201 2962 315 3038 tusque
344 2956 409 3021 iam
439 2964 536 3023 antea
565 2956 680 3023 eadem
703 2975 738 3023 se
761 2957 954 3043 excripsisse
981 2956 1015 3022 in
1041 2955 1186 3038 margine
1216 2954 1333 3040 posuit,

202 3079 308 3141 neque
329 3066 403 3125 aeta
425 3079 459 3126 se
482 3081 581 3145 agere
602 3060 665 3126 nisi
689 3061 749 3126 sub
771 3062 878 3147 ipsum
901 3060 996 3126 finem
1018 3059 1254 3126 animadvertit.

287 3163 436 3229 Ceterum
466 3171 594 3250 praeter
622 3165 707 3232 locos
737 3163 911 3232 allachio
942 3171 1111 3250 congestos
1134 3183 1198 3229 non
1221 3161 1338 3227 desunt

200 3265 234 3330 in
257 3265 391 3332 violario
413 3267 481 3350 alii,
507 3289 640 3352 quorum
664 3288 807 3335 summus
830 3267 901 3334 lons
924 3269 966 3334 sit
984 3269 1093 3354 Etym.
1111 3267 1218 3351 Magn.
1234 3291 1241 3330 :
1256 3265 1336 3330 lvel-

200 3375 235 3433 ut
257 3389 291 3454 p.
318 3373 374 3433 127
400 3370 607 3448 Δωδωναῖος
630 3371 778 3448 Ζεὺς-
801 3367 1047 3459 Ἀκεστόδωρος
1070 3370 1258 3456 ἱστοροῦσι,
1297 3389 1337 3434 ex

201 3473 307 3556 Etym.
333 3473 375 3538 M.
402 3477 475 3558 293,
503 3479 522 3541 3
552 3476 651 3543 habet
672 3476 808 3542 Phavor.
834 3496 865 3560 p.
886 3479 958 3559 541,
994 3496 1011 3542 e
1033 3475 1214 3540 Phavorino
1236 3472 1332 3554 Eud,

200 3595 264 3640 non
287 3597 305 3641 e
328 3577 458 3645 Seholio
480 3579 610 3644 Homeri
632 3579 672 3644 ll.
697 3579 785 3662 XVI,
812 3581 885 3661 233,
917 3579 953 3644 id
975 3578 1060 3663 quod
1081 3577 1163 3644 falso
1189 3577 1338 3643 adfirmat

200 3678 301 3745 Flach
324 3701 356 3766 p.
372 3686 442 3747 115.
482 3681 605 3748 Eadem
620 3701 660 3748 ex
676 3683 789 3749 eodem
812 3682 899 3750 fonte
922 3683 1039 3749 hausta
1061 3703 1094 3767 p.
1113 3685 1176 3746 200
1198 3681 1232 3746 in
1247 3686 1336 3747 textu

201 3789 286 3869 etp.
310 3787 368 3849 108
392 3785 426 3850 in
448 3785 592 3869 margine
615 3783 712 3853 habet
733 3786 888 3853 Eudoeia.

286 3887 399 3972 Neque
427 3908 503 3955 vero
531 3887 637 3954 omnia
667 3911 750 3972 quae
780 3891 857 3956 dicit
886 3890 986 3956 Flaeh
1016 3909 1051 3955 re
1080 3907 1157 3954 vera
1186 3907 1225 3953 ex
1255 3887 1336 3972 Ety-

201 3991 357 4075 mologico
380 3991 424 4055 M.
449 3991 605 4076 originem
629 3992 763 4069 ducunt;
799 3995 887 4059 velut
909 4015 940 4078 p.
966 3995 1025 4057 118
1050 3992 1130 4078 περὶ
1151 3988 1333 4057 Διονύσου.

200 4092 260 4160 τὸν
282 4094 318 4159 δὲ
341 4092 512 4160 Διόνυσον
534 4133 576 4142 -
599 4091 683 4172 Διὸς
705 4093 822 4184 μηρόν.
871 4098 960 4162 Ηαοο
983 4116 1023 4162 en
1046 4096 1267 4181 Etymologieo
1289 4095 1331 4159 ll.

201 4201 274 4278 277,
302 4200 341 4262 35
366 4199 511 4285 excerpit
533 4200 676 4266 Zonaras
699 4221 730 4286 p.
750 4202 828 4282 508,
855 4201 1012 4265 Zonaram
1036 4199 1188 4266 describit
1210 4199 1337 4264 Pharo-

200 4301 288 4367 rinus
304 4323 335 4385 p.
356 4307 428 4386 515,
455 4303 671 4368 Phavorinum
694 4303 816 4389 expilat
838 4303 994 4369 liudoeia:
1023 4301 1101 4370 σὺν
1122 4307 1240 4390 κέρασι
1262 4325 1337 4388 χεν-
