3238 4930
292 453 332 513 ιο
812 445 904 529 [rae]

288 642 320 706 τί
340 637 441 716 κακόν,
465 632 489 700 ai
514 635 611 720 γύναι,
827 641 892 700 ant.
904 635 1111 722 μεγαλόμητις
1133 635 1170 716 οἶ,

286 741 497 832 χθονοτρεφὲς
520 738 628 805 ἕιΙανόν
649 737 670 824 ἢ
694 737 786 804 ποτὸν
905 742 1072 825 περίφρονα
1089 742 1226 821 δ’ἑλακις·
1247 743 1351 828 idoneo
1373 743 1428 812 οὖν

288 847 448 930 πασαμένα
461 846 554 930 ῥυτᾶς
565 847 597 920 ἐξ
612 841 683 922 ἁλός
695 841 833 925 ὄρμενον.
900 851 1058 928 φονολιβεῖ
1084 845 1161 935 τύχᾳ
1190 846 1274 933 φρήν
1301 853 1425 932 ἐπιμαί-

1292 980 1381 1019 νεται.

390 1159 426 1245 3)
449 1158 546 1243 Soph.
570 1155 650 1222 Oed.
675 1155 743 1221 Col.
775 1159 857 1222 1479
887 1157 1067 1223 distributio
1091 1158 1249 1224 Dindortii
1278 1169 1310 1226 et
1339 1183 1425 1227 eom·

286 1268 425 1355 plurium
447 1264 581 1328 aliorum
605 1261 778 1326 editorum:

373 1368 424 1454 (ἔα
447 1365 492 1444 ἔα,
515 1363 583 1430 ider)
606 1365 679 1446 μάλ’
702 1361 796 1444 αὖθις
818 1366 1022 1452 οἷμῳίσταται)
1045 1367 1219 1450 ὁιατιρύοιος
1241 1368 1356 1453 ὄτοβος.

372 1473 483 1558 (ἵλαος,
506 1467 530 1534 ο]
554 1472 685 1551 dalmata,
704 1472 800 1549 ἵλαος,
823 1472 854 1536 εἴ
873 1498 901 1536 τι
924 1479 965 1559 γᾷ

370 1575 479 1661 ματέρι
503 1573 659 1659 τυγχάνοις
681 1573 811 1659 οἶφτγγὲς
833 1574 951 1661 φέρων)

287 1685 360 1750 ideo
378 1682 455 1746 mihi
468 1700 533 1746 non
549 1679 712 1764 probatur,
728 1679 814 1765 quod
827 1681 1029 1766 antistropha
1040 1683 1100 1747 nisi
1112 1684 1307 1767 gravissimis
1322 1691 1425 1750 muta·

284 1787 423 1854 tionibus
435 1785 587 1850 adhibitis
601 1784 732 1868 aequari
748 1805 813 1849 non
825 1791 943 1868 potest.
967 1785 1032 1850 Ubi
1047 1806 1119 1852 oum
1135 1787 1227 1854 oodd.
1240 1789 1320 1853 base
1331 1789 1424 1854 dent:

489 1886 526 1952 ἰιύ
549 1895 613 1965 nori,
636 1893 713 1969 βᾶθι
735 1886 812 1968 βᾶθ’
835 1886 890 1952 εἴτ’
912 1885 1007 1970 ἄκραν
1030 1889 1193 1972 ε’·ιιιγύαλον

491 1995 600 2080 ἕναλίςιι
624 1993 839 2057 ποσειιΙάιυνύιοι
864 1997 934 2081 θεῷ
955 1993 1113 2078 τυγχάνεις

489 2096 646 2180 βούθυτον
669 2095 773 2160 ἑστίαν
794 2095 908 2179 ἁγίζιυν
930 2097 1006 2177 ἵκοιτ’,

283 2227 347 2271 οοο
363 2204 466 2270 solum
482 2199 518 2264 ini
536 2221 606 2264 oum
623 2199 811 2265 Hermanno
829 2207 913 2266 esset
929 2202 1154 2286 geminandum
1169 2211 1203 2269 et
1217 2205 1342 2280 lacuna,
1359 2227 1423 2291 qua

284 2308 450 2376 doohmius
485 2304 654 2387 exciderit,
686 2311 760 2391 post
790 2305 866 2386 doit'
896 2305 1082 2388 statuenda,
1112 2328 1175 2392 quo
1204 2309 1277 2374 loao
1308 2308 1422 2376 deesse

283 2412 403 2498 aliquid
425 2407 631 2474 manifestum
654 2416 711 2486 est,
735 2409 790 2473 aad
815 2410 911 2474 stiam
935 2410 1122 2475 mutandum
1145 2409 1293 2494 daphnin
1319 2412 1421 2496 ἄκρον,

283 2517 484 2602 ποοιιιϊιιανίιγ
500 2515 533 2576 in
548 2513 761 2601 Ποσιιὸαονίῳ,
774 2512 944 2578 delendum
957 2513 1092 2599 deniquo
1105 2517 1238 2580 verbum
1253 2515 1421 2600 τυγχάνεις,

283 2619 370 2707 quod
394 2618 522 2684 omnino
545 2615 623 2680 nihil
645 2616 743 2682 habet
766 2617 959 2700 offensionis,
981 2624 1018 2683 ut
1040 2617 1122 2684 baso
1142 2620 1363 2705 antistropbaa
1379 2623 1420 2687 sit

283 2723 401 2788 forma:

318 2825 356 2892 to*
379 2825 419 2890 ἰιύ
440 2833 504 2904 παῖ,
526 2831 603 2909 βᾶθι
625 2827 702 2909 βᾶθ’
722 2827 727 2908 Ι
746 2847 771 2893 ιῖ
788 2839 824 2903 Ψ
840 2842 876 2902 ⁰¹]
893 2859 911 2895 ο
928 2839 963 2904 *L'
981 2826 986 2904 Ι
1006 2825 1062 2891 εἴτ’
1084 2824 1177 2911 ἄκρον
1198 2829 1248 2892 ἐπὶ
1269 2826 1383 2910 γύαλον

315 2934 423 3020 ἕναλίῳ
448 2927 664 3017 [inordinatim
690 2935 759 3017 θιιγῖ

312 3034 469 3120 βούθυτον
491 3033 593 3098 ἑστίαν
611 3035 616 3115 Ι
637 3031 758 3116 tyrios,
780 3033 855 3098 ἱκοῦ.

384 3139 455 3204 Etsi
478 3138 537 3202 nisi
560 3137 760 3222 gravioribus
782 3137 930 3202 remediis
961 3137 1066 3202 looum
1096 3139 1201 3203 sanari
1230 3161 1293 3205 non
1324 3162 1420 3225 posse

282 3244 486 3332 perspicuum
510 3249 568 3322 est,
591 3248 678 3306 certe
692 3247 836 3326 praestat
852 3261 890 3305 aa
906 3241 1097 3308 emendandi
1112 3243 1203 3324 ratio,
1227 3265 1308 3329 quae
1324 3267 1419 3330 quam

281 3349 426 3435 proxime
449 3345 581 3411 aooedat
602 3344 643 3409 ad
666 3345 834 3410 lectionem
866 3344 1026 3412 traditam.
1071 3345 1166 3410 Hane
1195 3349 1272 3411 mihi
1292 3349 1420 3414 videtur

282 3459 393 3518 neotus
418 3471 488 3516 esse
504 3449 691 3526 Meinekius,
715 3450 768 3535 qui
785 3450 948 3534 stropham
964 3458 997 3515 et
1012 3450 1242 3535 antistropham
1266 3473 1304 3518 eo
1321 3453 1418 3518 modo

280 3578 373 3644 paras
397 3555 513 3636 effecit,
535 3561 571 3618 ut
592 3554 625 3618 in
647 3553 780 3638 stropha
802 3561 875 3639 post
896 3551 1006 3636 ὄτοβος
1028 3549 1175 3619 voculam
1205 3552 1233 3618 ιύ
1254 3557 1418 3640 insereret,

281 3663 313 3727 in
335 3659 533 3745 antistropha
555 3679 627 3722 oum
649 3657 709 3721 iltis
728 3655 958 3741 ingeminaret
982 3665 1013 3724 et
1027 3679 1085 3744 pro
1102 3665 1159 3721 ιιαῖ
1169 3659 1249 3739 βᾶθι
1265 3660 1418 3725 scriberet

281 3762 416 3846 ααύβαθι
441 3769 473 3828 et
496 3761 685 3848 ΙΙοοιιιΙανίῳ
709 3781 766 3846 pro
791 3763 1016 3827 ΙΙοοτιύαιυνίιοι
1032 3770 1064 3826 et
1085 3763 1230 3826 hennam
1251 3771 1325 3848 post
1339 3765 1419 3846 βᾶθ’

281 3873 454 3949 statueret,
483 3873 520 3930 ut
550 3867 611 3929 iam
636 3885 746 3931 versus
769 3872 931 3932 constaret
961 3888 978 3932 a
1008 3873 1191 3933 tetrametro
1221 3867 1357 3932 iambico
1386 3875 1418 3933 et

281 3972 424 4055 quinque
447 3969 609 4036 doohmiis.
656 3969 751 4044 Quod
776 3975 884 4036 autem
907 3975 1126 4036 tetrametrum
1149 3971 1319 4036 iambicum
1342 3992 1417 4036 oon·

280 4076 436 4141 sociatum
452 4075 564 4140 statuit
575 4073 739 4158 dochmiis‚
757 4095 795 4138 eo
807 4075 910 4140 minus
923 4075 1066 4156 offendit,
1078 4075 1153 4160 quia
1164 4076 1259 4139 etiam
1271 4076 1303 4139 in
1313 4075 1417 4140 altera

280 4179 432 4265 strophas
453 4187 545 4264 parta
568 4179 732 4264 praeeedit
755 4177 919 4242 dochmios
942 4178 1118 4244 hievernus
1135 4178 1180 4264 (v.
1199 4181 1301 4244 1484:
1316 4177 1417 4263 1497)

281 4291 313 4351 et
335 4284 367 4348 in
389 4283 521 4368 stropha
536 4282 749 4368 praecedente
765 4281 1259 4365 (1447-1456ε1462-147η
1278 4283 1417 4348 insertus

281 4394 329 4452 est
349 4385 512 4452 dochmiis.
557 4385 748 4451 Emendatio
772 4386 975 4451 Meinekiana
999 4387 1077 4451 baso
1100 4395 1165 4450 est:

1597 1034 1602 1167 Ι
