3226 4932
652 704 727 775 ἁλλ’
755 706 776 775 ἁ
799 713 931 776 παλαίει
955 709 1017 795 γάρ

173 834 231 898 pro
254 813 400 881 codicum
423 814 563 880 lectione
652 807 738 879 ἀλλὰ
760 817 892 880 natata
916 813 979 900 γάρ

174 925 208 983 ct
230 941 285 983 επ.
304 915 332 1002 γ’
351 922 370 982 6
649 930 780 984 τεαῖσιν
803 912 961 1002 ἁμίλλαις

176 1041 233 1106 pro
257 1021 400 1087 codicum
424 1021 560 1086 lectione
647 1031 776 1088 τεαῖσιν
799 1016 994 1104 ἁμίλλαισιν

182 1123 277 1208 {qnod
298 1132 334 1190 ut
355 1124 488 1208 reliquis
510 1124 656 1190 versibus
678 1126 856 1210 parallelis,
882 1127 995 1210 quales
1018 1123 1126 1190 traditi
1149 1131 1233 1204 sunt,
1264 1141 1315 1187 re-

178 1243 348 1328 spondeat,
374 1265 431 1330 per
453 1245 616 1329 synizesin
630 1245 664 1310 in
679 1246 779 1331 primo
796 1246 950 1313 vocabulo
966 1227 1094 1312 τεῖαῖσιν
1108 1242 1315 1329 pronuntian-

177 1346 253 1411 dum
285 1355 348 1428 cst,
381 1347 443 1414 nisi
472 1347 612 1414 scribere
641 1349 736 1414 malis
766 1360 895 1429 σαῖσιν,
930 1347 1015 1431 quod
1037 1347 1252 1413 Mommsenus
1275 1345 1314 1410 ob

177 1449 406 1534 cacophoniam
430 1449 489 1515 boc
513 1451 582 1516 loco
606 1451 760 1517 evitatum
783 1454 991 1536 consputat).
1031 1450 1192 1533 Bergkius
1207 1457 1314 1514 autem

177 1550 312 1636 insuper
338 1552 503 1618 metricam
534 1553 695 1620 licentiam
725 1553 898 1620 introducit
926 1555 960 1619 in
983 1577 1039 1618 ειτ.
1058 1551 1088 1617 α’
1107 1559 1137 1634 6,
1170 1551 1225 1618 ubi
1247 1573 1315 1614 ιτα-

179 1654 259 1717 λαία
283 1655 419 1739 syllabis
441 1663 651 1741 anapaestum
675 1656 759 1724 effici
781 1657 870 1738 vult,
904 1657 993 1722 euius
1021 1675 1100 1722 usus
1122 1655 1215 1734 triv}
1242 1663 1315 1720 tan-

178 1763 245 1820 tum
270 1759 418 1843 exempla
440 1765 551 1825 extant
572 1757 599 1826 0
621 1759 702 1824 XIII
726 1761 765 1824 78
793 1763 821 1824 Γ
820 1757 966 1844 αἳαόχῳ,
998 1758 1027 1824 Ρ
1050 1759 1095 1824 IV
1117 1761 1178 1824 233
1204 1744 1313 1822 αλὸλει

177 1867 210 1923 ot
232 1859 387 1926 Incertum
410 1861 438 1926 N
459 1862 504 1925 IV
529 1865 566 1924 17
591 1849 800 1928 Κλεωναίαν.

265 1963 511 2030 Concedendum
534 1973 584 2031 est
606 1965 746 2048 Bergkio
769 1973 903 2032 metrum
926 1967 1074 2029 versasti
1097 1963 1177 2028 mire
1199 1964 1315 2028 eadere

87 2075 89 2078 ’
180 2065 213 2129 in
236 2064 317 2132 duas
340 2068 484 2152 syllabas
507 2068 622 2152 longas
644 2076 676 2134 et
698 2089 793 2134 unam
817 2068 999 2152 ancipitem,
1025 2066 1060 2131 id
1082 2065 1168 2149 quod
1189 2066 1222 2130 in
1246 2086 1315 2131 oar·

178 2167 318 2234 minibus
346 2171 479 2236 aeolicis
510 2170 682 2236 admodum
712 2192 817 2236 rarum
848 2179 914 2248 est;
948 2191 1022 2235 nam
1053 2177 1140 2234 certa
1166 2168 1316 2252 exempla

179 2267 463 2354 deprehenduntur
483 2273 564 2340 baec
585 2293 705 2359 pauca:

308 2361 1176 2442 PXIgtr,1--'u-w-w-w-v1,n',!

179 2483 212 2541 et
236 2477 299 2543 tria
320 2478 353 2542 in
377 2479 480 2565 epodo
503 2479 530 2547 0
553 2479 618 2562 IX,
653 2481 743 2546 cuius
773 2487 874 2546 metra
902 2500 966 2544 non
997 2479 1099 2545 solum
1129 2477 1189 2542 bac
1219 2479 1251 2542 in
1282 2497 1315 2541 re

180 2581 317 2647 maxime
341 2583 494 2648 recedunt
516 2604 536 2649 a
558 2583 673 2650 ceteris
695 2583 889 2649 carminibus

386 2683 602 2772 01X0p‚4
649 2672 1095 2736 -.'....w..·uu't.⁸-‘

507 2809 557 2874 ep·
585 2797 603 2854 5
649 2801 763 2838 ζων..
789 2775 901 2842 ..ι’-ι,
926 2825 947 2834 -

507 2895 761 2978 0127-an
787 2876 1046 2944 Alth-wls.
1072 2891 1094 2936 Ξ

179 2993 270 3072 Quae
299 3013 396 3060 causa
425 3015 501 3060 num
525 2994 665 3062 sufficiat
686 2997 730 3062 ad
753 2995 956 3081 corrigendos
979 3014 1105 3076 versus,
1140 2993 1316 3060 diiudicare

181 3117 243 3161 non
266 3098 385 3164 audeo:
413 3118 488 3163 nam
511 3099 616 3165 exitus
638 3099 845 3186 imperfectos
867 3100 901 3164 in
916 3121 951 3164 τε
969 3099 1188 3165 corroboratur
1203 3095 1316 3162 eodem

178 3200 268 3265 exitu
292 3197 317 3266 0
340 3201 356 3265 I
379 3205 419 3265 62
442 3206 563 3286 νέκταρ
588 3195 779 3289 ἀμβροσίαν
801 3227 836 3268 τε
865 3202 920 3286 qni
941 3201 997 3266 vix
1018 3200 1175 3266 removeri
1197 3205 1312 3284 potest.

180 3301 315 3368 Metrum
337 3311 443 3370 antem
467 3303 620 3370 usitatum
642 3307 766 3373 restitui
789 3305 908 3391 possit,
943 3303 970 3368 si
993 3321 1105 3369 versus
1129 3305 1147 3366 6
1170 3323 1241 3368 cum
1265 3321 1317 3368 se-

177 3406 290 3486 quenti
312 3407 473 3490 iungatur,
501 3408 586 3492 quod
609 3408 676 3475 fieri
699 3416 814 3495 potest,
842 3408 870 3474 si
893 3429 948 3472 εα.
971 3401 1001 3469 α’
1020 3410 1039 3470 6
1061 3405 1209 3471 scribitur
1231 3399 1317 3469 ἁλλὰ

181 3509 311 3572 παλαια
349 3503 379 3594 γ’
416 3505 505 3576 εὕδει
541 3507 640 3596 χάρις
673 3533 730 3597 pro
764 3512 917 3578 librorum
956 3508 1088 3573 τταλαία
1122 3505 1185 3593 γάρ
1219 3516 1252 3573 et
1283 3508 1316 3572 in

180 3635 236 3676 err.
261 3610 289 3696 μ’
314 3617 333 3677 6
367 3613 494 3681 dativus
529 3607 687 3698 ἁμίλλαις
722 3635 777 3698 pro
812 3607 1017 3696 ἁμίλλαισιν.
1066 3613 1157 3677 Τσια
1182 3617 1317 3677 metrum

180 3715 241 3782 hoc
264 3717 319 3782 sit:

521 3805 976 3873 ¹.)--i,-wr„.'u..v
1000 3836 1039 3865 ¹-

224 3947 279 3989 ειτ.
298 3921 327 3987 α’
353 3917 438 3988 ἁλλὰ
460 3924 592 3989 παλαία
616 3918 650 4008 y'
676 3915 765 3988 εὰὁει
787 3921 885 4009 χάρις
908 3917 1101 4006 ἀμνάμονες
1124 3919 1160 3986 δὲ
1183 3923 1300 4004 βροτοί

224 4024 327 4108 erud
351 4021 564 4114 Ἀμφιάρηόν
586 4020 619 4091 τ’
645 4019 785 4092 εὐανθέ’
812 4020 1031 4104 ἀπέπνευσας
1055 4017 1189 4089 ἁλικίαν

222 4155 276 4196 επ.
296 4129 323 4214 γ’
348 4143 477 4197 τεαῖσιν
500 4124 658 4213 ἁμίλλαις
680 4123 831 4196 εὐανθέα
854 4132 909 4197 καί
933 4127 1053 4196 Πυθόϊ
1076 4132 1257 4215 στέφανον.

247 4341 270 4400 ¹]
292 4339 361 4394 Nam
380 4335 405 4392 Ρ
422 4339 464 4394 IX
484 4341 533 4391 105
551 4337 669 4408 Bergkii
688 4340 852 4394 coniectura
871 4337 1021 4394 admodum
1040 4339 1150 4393 incerta
1168 4345 1220 4393 ost.

1073 4427 1087 4472 3
1096 4425 1111 4456 ⁴*
