3274 4934
323 389 361 448 14
753 421 796 432 -
843 386 927 467 [ano]
975 421 1018 432 -

318 593 430 659 parum
452 575 615 659 probasse,
643 573 726 640 duae
748 575 952 657 quaestiones
975 574 1168 654 oboriuntur,
1195 593 1329 656 quarum
1353 574 1463 639 altera

320 677 401 743 haec
422 684 481 760 est,
507 698 582 742 num
605 676 681 761 quid
707 681 767 743 100
789 678 855 743 illis
878 678 972 758 locis,
1004 677 1119 760 quibus
1142 677 1260 742 exitum
1283 676 1464 760 imperiec-

319 787 385 846 tnm
409 780 556 864 legimus,
583 801 748 846 commune
771 781 822 862 sit,
851 801 914 864 quo
937 781 1124 866 explicetur,
1150 801 1207 847 cur
1228 801 1249 845 a
1269 799 1381 844 norma
1404 799 1463 845 ce-

319 883 443 967 teroqui
466 884 578 950 sedulo
600 885 769 952 observata
791 885 970 966 recesserit,
995 885 1098 951 altera
1119 884 1177 950 illa
1199 890 1257 966 est,
1287 904 1362 949 num
1386 903 1460 948 om-

320 1006 378 1053 nes
406 987 455 1052 illi
484 988 546 1054 loci
576 989 647 1055 sani
676 989 741 1056 sint
770 989 890 1055 traditi.
937 988 1027 1066 Quae
1056 1009 1108 1054 res
1131 1009 1202 1054 cum
1225 987 1372 1071 diligenti
1396 989 1459 1053 ob-

319 1092 499 1159 servatione
522 1092 684 1177 indigeat,
717 1113 850 1161 neccsse
881 1101 931 1160 est
959 1101 994 1158 ut
1022 1091 1216 1158 subiciamus
1237 1092 1381 1157 tabulam
1405 1091 1458 1155 lo-

318 1215 443 1280 comm,
476 1197 510 1262 in
539 1218 604 1282 qua
633 1217 745 1264 versus
775 1204 808 1264 11
837 1196 1013 1264 secuudum
1042 1216 1114 1262 eum
1140 1216 1322 1274 nnmerum,
1357 1215 1455 1278 quem

318 1300 438 1367 habent
459 1301 492 1366 in
515 1307 579 1366 toto
601 1301 755 1386 carmine,
788 1308 821 1368 et
841 1300 1017 1368 secundnm
1040 1321 1130 1383 eum,
1160 1319 1253 1383 quem
1276 1297 1455 1364 1111111111

319 1405 449 1489 stropha
470 1405 522 1470 vel
545 1405 658 1490 epodo,
685 1405 863 1472 citabimus.

405 1507 503 1574 Uncis
532 1517 639 1575 autem
667 1509 827 1576 inclusum
857 1508 1015 1575 addemus
1043 1527 1210 1574 numerum
1232 1527 1381 1573 versuum
1404 1515 1457 1573 to-

319 1609 382 1676 tius
406 1613 566 1694 carminis,
592 1619 627 1678 ut
647 1619 811 1698 appareat,
839 1619 960 1696 quauta
983 1611 1025 1678 sit
1040 1611 1220 1696 frequentia
1233 1611 1376 1677 exituum
1392 1611 1457 1676 im-

317 1713 530 1799 perfectomm
551 1717 585 1781 in
608 1717 745 1800 singulis
767 1715 972 1783 carminibus.
1020 1715 1123 1780 Simul
1145 1714 1364 1780 adscribamus
1386 1714 1456 1780 siu-

318 1818 404 1901 gulis
426 1819 516 1903 locis,
542 1820 648 1902 qualis
671 1820 713 1886 sit
734 1827 849 1887 natura
871 1819 976 1885 exitus
993 1819 1026 1884 11
1042 1819 1175 1903 reliquis
1191 1818 1271 1884 locis
1286 1818 1456 1902 parallelis

318 1921 440 1988 ratione
462 1923 575 1990 habita
595 1923 679 1990 initii
702 1944 813 1990 versus
831 1923 1004 2008 sequentis,
1031 1923 1077 1989 itu
1091 1929 1126 1988 ut
1140 1923 1362 1990 discernamus
1377 1941 1458 2007 sep-

317 2031 382 2090 tem
405 2027 526 2092 classcs
548 2027 706 2093 exituum:

407 2135 435 2193 l.
460 2131 527 2196 exit
547 2151 660 2197 versus
681 2131 715 2196 in
737 2131 865 2214 longam
888 2131 1031 2197 clausam
1053 2137 1109 2196 aut

460 2234 527 2299 11111
555 2253 667 2301 versus
696 2233 729 2299 11
758 2235 887 2318 longam
912 2241 1057 2319 apertam
1082 2241 1115 2299 11
1135 2233 1248 2318 incipit
1269 2251 1409 2316 sequens
1435 2253 1459 2298 a

461 2345 670 2404 consonante:

459 2440 622 2506 Habemus
645 2441 765 2507 exitum
788 2442 951 2525 longum
980 2441 1025 2522 [1.]

403 2545 433 2606 2.
459 2543 527 2610 11111
554 2564 667 2611 versus
696 2545 730 2610 in
759 2545 887 2628 longam
914 2551 1058 2628 apertam
1082 2550 1114 2610 11
1134 2544 1248 2629 incipit
1269 2563 1410 2625 sequens
1436 2565 1461 2610 a

460 2647 582 2713 vocali:

461 2751 624 2816 Habemus
646 2751 766 2816 exitum
789 2751 952 2834 longum
976 2770 1060 2814 cum
1082 2749 1199 2815 hiatu
1226 2749 1283 2832 (11.)

403 2855 432 2916 3.
459 2853 525 2918 enit
553 2873 666 2919 versus
694 2854 727 2918 in
756 2855 886 2919 brevem
914 2853 1055 2918 clausam
1082 2859 1115 2918 11
1136 2852 1247 2938 incipit
1270 2871 1411 2935 sequens
1435 2873 1460 2917 a

459 2962 670 3022 consonante:

459 3059 624 3125 Habemus
646 3059 766 3126 exitum
788 3059 951 3126 brevem
975 3079 1058 3124 cum
1081 3059 1294 3146 positione
1323 3060 1378 3143 (p.)

402 3167 432 3224 4.
458 3162 526 3228 exit
551 3182 665 3229 versus
692 3163 726 3228 in
756 3163 884 3229 brevem
912 3163 1056 3229 clausam
1084 3169 1116 3230 11
1136 3163 1247 3247 incipit
1270 3181 1411 3245 sequens
1434 3184 1461 3229 a

427 3259 431 3266 ⁴
459 3266 580 3332 vocali:

458 3369 623 3434 Habemus
645 3367 766 3434 exitum
789 3369 954 3434 brevem
981 3370 1053 3452 (br.)

401 3474 432 3534 5.
458 3471 525 3536 11111
553 3491 666 3538 versus
693 3471 727 3537 in
754 3471 884 3537 brevem
915 3479 1057 3556 apertam
1081 3477 1113 3537 11
1134 3469 1246 3554 incipit
1268 3490 1410 3555 sequens
1434 3494 1460 3538 a

458 3581 652 3641 consonante
675 3573 811 3658 duplici:

457 3677 621 3745 Habemus
636 3677 756 3744 exitum
771 3676 1048 3761 imperfectum
1066 3696 1145 3742 cum
1161 3677 1357 3761 positione
1377 3677 1453 3763 (ip.)

402 3784 431 3844 6.
458 3782 524 3846 enit
552 3799 665 3848 versus
692 3782 726 3845 in
755 3781 884 3846 brevem
913 3787 1057 3864 apertam
1081 3787 1113 3846 11
1134 3779 1246 3864 incipit
1268 3799 1410 3863 sequeus
1435 3803 1459 3847 a

459 3891 653 3951 consonante
675 3882 830 3969 simplici:

457 3987 621 4053 Habemus
644 3987 764 4053 exitum
786 3984 1079 4070 imperfectum
1108 3986 1152 4069 (i.)

401 4093 431 4154 7.
457 4091 523 4156 enit
550 4109 662 4156 versus
691 4091 725 4156 iu
753 4090 882 4155 brevem
914 4095 1057 4174 apertam
1080 4096 1112 4154 ct
1133 4087 1245 4173 incipit
1267 4107 1411 4172 sequeus
1437 4113 1460 4156 a

459 4193 581 4259 vocali:

458 4297 621 4362 Habemus
643 4296 763 4362 exitum
785 4295 1076 4380 imperfectum
1098 4313 1182 4360 cum
1206 4293 1323 4360 hiatu
1352 4294 1424 4376 1111.)
