3274 4934
651 397 694 406 -
742 361 825 444 pes]
873 371 933 407 -·
1310 365 1350 426 ee

208 545 477 618 Chalcidensibus
496 547 594 620 ielnru
616 549 821 633 pervenimus
849 549 894 633 (O.
920 551 946 616 Ι.
972 550 1011 616 Α.
1037 551 1083 628 IV
1105 553 1199 630 ile).
1249 549 1290 618 lut
1313 573 1343 618 v.

210 651 300 731 3sq.
326 648 455 734 quidem
481 649 635 733 legimus:
676 649 736 716 τὸν
773 647 875 737 ὅρκον
909 645 1035 734 ὀμόσαι
1055 645 1243 739 Ἀθηναίων
1275 651 1348 740 τὴν

208 749 369 838 tinnibat
391 753 460 818 καὶ
483 749 579 829 τοὺς
601 753 817 832 δικαστάς.
854 755 987 825 Constat
1002 755 1116 825 foedus
1132 755 1251 825 laetum
1275 777 1347 824 esse

208 863 378 940 postquem
400 854 644 942 Chalcidenses,
671 858 725 944 qui
748 858 789 930 eb
805 859 1057 932 Atheniensibus
1075 859 1268 942 desererent,
1295 881 1347 926 re-

207 960 267 1026 bus
289 960 322 1026 in
346 979 504 1026 summum
526 959 696 1031 discrimen
719 961 869 1035 adductis
891 962 989 1031 armis
1011 963 1044 1028 iu
1074 969 1264 1047 potestatem
1295 984 1346 1030 re-

208 1063 293 1129 dneti
323 1070 406 1130 sunt.
462 1061 555 1141 Quod
584 1071 620 1130 ut
645 1064 771 1132 firmum
808 1073 968 1148 maneret,
1008 1065 1173 1149 utriusque
1206 1066 1346 1132 civitatis

205 1185 301 1250 quem
324 1167 464 1238 maxime
485 1167 643 1242 interesse
664 1167 818 1237 debebat:
844 1169 929 1236 unde
951 1175 1201 1243 consentaneum
1223 1177 1273 1236 est
1294 1170 1346 1236 iu-

208 1269 381 1336 raiurenda
403 1270 524 1336 ratione
547 1289 700 1355 perquam
723 1272 871 1338 sollemni
895 1271 975 1336 deri.
1023 1273 1091 1338 lam
1121 1293 1193 1339 eum
1216 1273 1345 1340 Chalei-

205 1371 352 1440 densium
377 1371 407 1436 οἱ
438 1366 581 1459 ἡβῶντος
612 1367 761 1450 ἅπαντες
783 1374 889 1442 inrere
912 1375 1081 1444 iubeantur
1109 1377 1149 1458 (v.
1169 1379 1210 1440 32
1226 1378 1288 1459 sq.)
1305 1379 1339 1458 ¹),

206 1476 449 1542 Atheniensium
479 1496 605 1559 queque
633 1476 789 1545 heliastas
822 1497 948 1558 omnes,
982 1479 1003 1542 i.
1034 1498 1063 1544 e.
1095 1479 1182 1544 eives
1212 1478 1341 1562 triginta

205 1580 299 1645 annis
314 1581 451 1646 maiores
467 1600 538 1646 eum
555 1588 669 1652 senatu
684 1581 791 1648 iurare
806 1581 1019 1649 Freenkelius
1040 1585 1122 1664 (Aet.
1140 1581 1342 1646 Gerehwore-

206 1706 331 1768 eenqer.
345 1705 377 1766 p.
389 1685 438 1764 her)
457 1683 638 1751 arbitratur·
662 1683 728 1750 Sed
742 1703 821 1750 voee
835 1682 867 1748 el
883 1683 1038 1750 δικασταί
1054 1685 1122 1750 sive
1139 1683 1170 1748 ei
1187 1677 1342 1770 ἡλιασταί.

207 1787 258 1850 vel
274 1805 338 1863 une
349 1785 492 1854 iudicum
505 1786 637 1864 deensis
650 1786 797 1871 intellegi
809 1793 916 1871 petest
928 1787 977 1870 (ef.
987 1787 1024 1851 O.
1035 1786 1060 1850 l.
1070 1788 1110 1852 A.
1121 1787 1137 1853 Ι
1147 1789 1187 1851 37
1201 1795 1234 1854 et
1244 1807 1340 1873 supra

205 1910 237 1973 p.
258 1893 298 1954 30
321 1894 398 1972 sq).
430 1889 542 1973 Neque
566 1911 704 1973 unquam
727 1911 838 1958 omnes
864 1891 952 1958 eives
975 1891 1188 1958 Athenienses
1221 1891 1342 1958 iureiu-

203 1993 303 2060 rando
332 1993 421 2077 adigi
444 1994 580 2078 populns
602 1994 698 2060 iussit
720 1994 783 2060 nisi
805 1994 860 2060 nbi
890 1994 930 2060 de
960 1994 1108 2079 populari
1130 1993 1266 2078 imperio
1288 1995 1339 2080 ip-

203 2118 304 2180 seque
326 2098 491 2182 republica
506 2104 614 2166 ennete
630 2097 826 2166 stabilienda
840 2105 873 2164 et
887 2097 1048 2174 servande
1062 2099 1230 2180 agebatur,
1252 2100 1339 2166 velut

202 2202 236 2268 in
259 2199 473 2285 Demophanti
495 2200 715 2285 psephismate
743 2208 817 2285 pest
843 2201 1022 2267 restitutum
1052 2203 1207 2286 populere
1235 2201 1338 2286 impe-

202 2303 283 2369 rium
299 2325 329 2368 a.
341 2309 404 2368 410
420 2304 559 2386 itemque
580 2323 611 2370 e.
630 2306 692 2370 403
715 2305 870 2388 perlut0²l
895 2303 1025 2387 (Auden.
1037 2305 1078 2371 de
1093 2311 1189 2389 myst.
1208 2309 1249 2370 96
1265 2325 1334 2388 sqq.

201 2407 242 2472 es.
256 2408 392 2491 Lyeurg.
412 2429 438 2471 e.
458 2409 566 2474 Leeer.
591 2411 646 2470 124
665 2409 763 2491 sqq.):
783 2401 909 2490 ὀμόσαι
924 2402 956 2472 δ’
968 2402 1165 2494 Ἀθηναίους
1182 2401 1337 2486 ἅπαντας

200 2505 279 2576 καθ’
291 2509 389 2596 ἱερῶν
400 2513 545 2592 τελείων,
562 2509 648 2577 κατὰ
660 2509 771 2597 φυλὰς
786 2513 843 2579 καὶ
858 2509 944 2579 κατὰ
959 2509 1094 2598 δήμους,
1114 2520 1146 2578 et
1161 2513 1332 2596 repetitur:

199 2621 305 2679 ταῦτα
339 2613 374 2680 δὲ
404 2607 603 2696 ὀμοσάντων
618 2608 788 2700 Ἀθηναῖοι
819 2611 945 2690 πάντες
968 2608 1041 2678 καθ’
1067 2613 1164 2700 ἱερῶν
1186 2615 1332 2698 τελείων,

199 2714 260 2784 τὸν
281 2715 427 2800 νόμιμον
449 2711 560 2802 ὅρκον,
587 2714 655 2800 πρὸ
678 2721 881 2784 Διονυσίων.
929 2717 1021 2785 Certe
1044 2718 1124 2786 satis
1147 2727 1215 2784 eret
1239 2737 1336 2785 sena-

197 2821 244 2886 tui
267 2821 512 2904 quingentorum
539 2827 571 2890 et
593 2820 801 2889 heliastarum
830 2820 979 2890 deeuriee
1007 2829 1102 2905 prete
1130 2821 1334 2888 iureiurando

198 2923 373 2990 saneienda
395 2923 612 2990 enmmittere:
639 2942 703 3005 que
725 2923 797 3007 ipse
819 2923 933 2990 foedus
954 2923 1036 2990 illud
1055 2925 1241 2990 sollemnius
1258 2945 1333 2990 sen-

196 3027 277 3092 eitur
305 3046 402 3109 quem
431 3025 533 3092 ullum
563 3046 603 3095 ex
630 3026 762 3109 reliquis
790 3046 873 3109 quse
902 3029 1177 3094 commemoratum
1206 3047 1329 3094 sumus.

196 3129 345 3196 Ceterum
359 3150 424 3196 non
438 3130 644 3213 neglegenda
659 3137 733 3198 sunt
747 3151 779 3194 v.
801 3133 940 3196 19-20:
969 3124 1064 3207 ὅπως
1079 3125 1111 3195 d'
1139 3126 1180 3196 de
1198 3126 1332 3211 ὀμόσω-

195 3255 250 3298 σιν
272 3227 432 3309 ἅπαντες,
459 3229 694 3316 ἐπιμελόσθωο
718 3231 749 3296 οἱ
772 3238 964 3319 στρατηγοῖς
996 3241 1154 3316 strategos
1176 3243 1282 3300 autem
1299 3235 1331 3300 in

265 3547 283 3605 ¹)
303 3544 396 3598 Etiam
415 3545 443 3598 lu
461 3544 593 3613 pactione
611 3543 921 3602 stereorationem
939 3559 966 3598 e.
980 3543 1030 3598 Ch.
1046 3549 1096 3606 nl,
1117 3559 1199 3612 quam
1217 3543 1332 3600 sustra-

194 3633 280 3688 eladis
298 3631 431 3702 Ἀρχαιολ.
443 3627 549 3702 Ἐφημ.
566 3632 635 3684 lule
650 3633 684 3694 (a.
703 3631 777 3690 1869)
793 3629 962 3698 publicavit,
984 3630 1086 3698 legitur
1105 3647 1131 3683 v.
1147 3631 1194 3682 43:
1218 3625 1332 3700 {lipidam

193 3714 256 3774 ῑοὺς
275 3715 390 3774 πολίτας
409 3711 537 3782 aleretur,
559 3734 586 3770 v.
598 3719 644 3768 47:
667 3711 859 3786 t’rlveypdrpeer
877 3715 907 3770 δὲ
928 3715 974 3768 καὶ
992 3718 1033 3766 re*
1043 3717 1086 3780 [ν]
1109 3711 1246 3784 ἐφήβων
1265 3713 1331 3773 τοὺς

191 3800 406 3872 ὀμόσανιῐας..
428 3801 509 3858 Unde
527 3802 624 3856 neseio
642 3819 677 3857 an
694 3803 836 3871 proprium
855 3801 1068 3856 Euhoeensibns
1087 3815 1191 3855 merem
1210 3803 1331 3872 antiqni-

192 3898 238 3943 tus
251 3895 392 3956 receptum
413 3886 510 3954 fuisse,
532 3893 564 3942 ut
582 3888 610 3940 in
629 3904 658 3942 re
677 3889 805 3944 sollemni
824 3903 920 3944 omnes
938 3889 1058 3958 puberes
1077 3889 1211 3952 iurarent,
1232 3895 1329 3944 nostre

189 3978 250 4030 lure
270 3981 434 4030 statuemus.

257 4097 276 4157 ‘ll
298 4095 524 4164 Demophantum
544 4101 638 4158 eutem
659 4103 801 4152 vetustam
821 4093 966 4150 formulam
986 4095 1058 4163 legis
1077 4094 1113 4148 de
1133 4092 1280 4148 rualestnte
1299 4101 1327 4150 et

189 4183 355 4238 seernmenti
382 4185 555 4250 expressisse
575 4182 732 4238 Scheellius
760 4183 861 4236 statuit
879 4181 984 4236 Cornrrr.
1006 4182 1033 4234 ln
1059 4180 1190 4234 honorem
1215 4181 1327 4236 Momm-

187 4269 247 4322 seni
267 4285 293 4338 p.
309 4271 367 4320 460.
