3274 4934
356 445 398 506 lo
876 436 967 520 [258]
1023 459 1027 470 ·

353 630 563 716 vituperatur
586 629 669 693 enirn
693 629 753 692 hoo
776 627 836 692 ode
853 626 985 706 Chloris,
1010 628 1084 713 qnia
1099 629 1249 715 „propior
1263 629 1385 694 iuueri“
1401 631 1486 694 rixas

352 734 468 798 amoris
492 741 525 797 ct
548 733 707 817 virginum
724 733 817 796 ludos
836 732 977 796 nondum
994 732 1163 817 relinquat.
1198 733 1305 817 Atque
1321 731 1489 816 ’μεμπταῆ

351 837 515 903 notionem
539 857 609 900 cum
633 833 843 918 ‘repaesentari'
866 837 1068 900 coniunctam
1090 837 1130 900 sd
1148 837 1271 902 111113
1288 836 1488 901 exGembla·

352 941 438 1006 censi
462 945 589 1003 vetusto
615 938 710 1002 refert
733 938 941 1003 Pulmannus.

503 1041 658 1124 XXIIII)
703 1041 982 1107 DIASTOLICII.

454 1145 506 1212 111
533 1149 588 1210 19:
611 1145 770 1226 wantum
794 1145 892 1210 distat
915 1145 955 1210 ab
977 1143 1096 1210 Inacho
1119 1153 1172 1210 etc.

395 1248 584 1332 (Diestolice
598 1248 639 1312 ad
655 1248 834 1334 Telephum
850 1249 1017 1314 Murenam
1035 1251 1169 1334 augurio
1187 1251 1376 1314 honoratum
1391 1249 1485 1332 my).

455 1352 538 1416 'l’oto
563 1351 624 1414 hoc
647 1353 785 1416 carmine
799 1351 954 1417 Horatius
978 1354 1114 1416 convivii
1138 1355 1323 1438 magistrum
1339 1355 1417 1436 agit,
1433 1354 1486 1438 qni

352 1457 459 1522 omnia
482 1455 607 1519 instruit
630 1463 662 1519 et
685 1457 829 1541 imperat.
874 1456 953 1520 I'cri
976 1457 1072 1541 igitur
1092 1478 1156 1522 non
1173 1459 1324 1522 dissimile
1339 1457 1487 1522 videntur

351 1559 537 1624 diastolioen
567 1560 815 1643 intellegendam
843 1581 971 1623 carmen
996 1562 1168 1645 explicans,
1197 1561 1423 1647 descriptivum
1448 1597 1484 1608 -

351 1675 522 1751 apparatus
553 1667 637 1728 enim
669 1664 807 1728 convivii
829 1684 887 1748 per
909 1665 1035 1749 singula
1063 1667 1277 1749 explanantur
1302 1687 1355 1726 -:
1379 1685 1486 1750 quam·

352 1789 448 1854 quam
479 1769 557 1832 certi
586 1767 665 1830 nihil
696 1766 737 1832 de
760 1767 820 1831 hac
844 1787 922 1831 voce
945 1768 1044 1832 statui
1066 1775 1184 1853 potest,
1214 1788 1296 1852 quac
1318 1769 1426 1832 nescio
1445 1788 1484 1830 sn

353 1880 503 1957 corrupta
524 1873 574 1936 sit.

504 1973 620 2054 XXV)
668 1973 999 2039 SYLLOGISTIGE.

454 2074 534 2140 *ΙΙΙ
557 2077 613 2139 28:
637 2075 731 2142 Festo
753 2077 830 2162 quid
851 2080 958 2160 potius
981 2079 1031 2142 die
1052 2085 1108 2142 etc.

452 2179 669 2266 (syllogistice
698 2180 811 2267 Lydae
841 2181 960 2266 (Lydis
984 2179 1017 2264 λ)
1040 2180 1099 2260 m,
1122 2179 1173 2244 Ad
1196 2180 1309 2264 Lyden
1331 2200 1484 2265 paraene-

351 2285 413 2350 tioe
437 2285 634 2370 (paranetice
652 2283 720 2368 Ay)
744 2287 784 2349 de
807 2285 1044 2370 Neptunalibus
1065 2285 1171 2366 ABy).

456 2387 535 2451 Mira
568 2390 690 2453 notatio
726 2399 776 2454 est
808 2409 846 2452 ao
879 2389 968 2452 nullo
1004 2387 1100 2452 modo
1134 2387 1275 2452 ferenda.
1336 2386 1483 2450 Fortasse

349 2490 538 2575 legendum:
568 2494 815 2577 „sympotiee“.¹
870 2492 961 2566 Quae
984 2493 1017 2556 in
1042 2495 1125 2573 ABy
1147 2491 1248 2555 fertur
1271 2491 1393 2555 notatio
1416 2491 1484 2574 ipsa
1523 2529 1528 2537 ·

350 2612 477 2678 quoque
498 2594 575 2658 satis
597 2596 706 2680 inepta
728 2605 788 2662 est.

873 2829 955 2910 ev.
1043 2767 1051 2784 ’

452 2987 568 3054 Restat
590 2995 625 3052 ut
648 3011 759 3054 eornm
782 3013 865 3076 quae
889 2993 1028 3056 eruimus
1051 3011 1207 3056 summam
1230 2990 1394 3054 iaciamus.

452 3091 561 3176 Atque
584 3095 812 3158 uocabulorum
835 3095 875 3159 de
898 3095 1015 3180 quibus
1037 3095 1159 3179 egimus
1175 3095 1344 3158 maximam
1360 3100 1482 3176 partem

350 3193 486 3258 vidimus
509 3197 691 3262 notationes
714 3219 785 3262 esse
808 3199 923 3264 coloris
947 3205 1097 3282 expertes
1121 3205 1155 3262 et
1177 3197 1246 3262 l'ere
1260 3197 1371 3260 inanes
1387 3216 1482 3278 quae-

349 3319 412 3383 que
435 3297 605 3366 adseram
628 3307 774 3366 naturam
798 3301 945 3366 carminis
967 3300 1222 3387 cognoscendam
1252 3323 1382 3388 prorsus
1404 3299 1482 3364 nihil

232 3403 236 3410 ’
348 3401 494 3468 valerent
511 3405 677 3489 ——quales
699 3413 774 3468 sunt
792 3403 1081 3490 ‚prosphonetiee“
1097 3405 1340 3490 „paraenetioe“
1355 3409 1414 3468 oet
1431 3441 1482 3481 -,

348 3505 541 3592 easdemque
563 3529 660 3592 saepe
684 3511 856 3574 carmiuum
879 3511 962 3576 veris
985 3507 1183 3594 argumentis
1203 3513 1300 3592 atque
1314 3507 1481 3572 sententiis

346 3609 499 3694 neglectis
529 3630 570 3673 ex
600 3612 711 3696 pauels
742 3613 887 3678 versibus
916 3621 1039 3679 temere
1070 3619 1215 3696 arreptas
1246 3632 1325 3676 esse.
1369 3607 1483 3695 Neque

347 3712 459 3776 mirum
483 3720 532 3776 est
554 3713 586 3776 in
609 3713 679 3797 ipsa
692 3712 874 3778 Horatiana
888 3717 1029 3777 earmina
1052 3713 1133 3776 tales
1149 3709 1396 3795 significationes
1418 3729 1482 3773 non

350 3815 523 3899 quadrare:
547 3835 630 3899 quac
655 3817 795 3881 carmina
810 3816 893 3880 adeo
910 3815 1077 3880 abundant
1091 3815 1321 3880 sententiarum
1336 3812 1428 3896 copia
1451 3821 1483 3876 et

348 3917 513 3998 varietate,
541 3927 578 3984 ut
608 3920 871 4004 paucissimorum
897 3919 1020 3985 indoles
1043 3917 1197 3984 eiusmodi
1221 3918 1309 3980 vanis
1332 3915 1482 4000 epithetis

346 4019 469 4086 deliniri
492 4024 603 4108 possit.
648 4023 734 4088 Hinc
756 4024 823 4088 fieri
846 4045 910 4088 non
934 4022 1049 4108 potuit,
1072 4021 1148 4107 quin
1169 4021 1276 4084 multis
1291 4018 1503 4083 carminibus·

346 4124 491 4210 epitheta
512 4125 716 4204 adderentur,
740 4149 823 4212 quae
847 4127 1014 4211 diligenter
1037 4126 1235 4190 examinanti
1255 4124 1350 4210 plane
1373 4123 1483 4207 inepta

345 4363 375 4416 11
437 4241 684 4419 {giptgrsmmeta
702 4284 855 4350 sympotioa
872 4287 967 4334 extem
985 4281 1136 4348 (Duobuer.
1149 4281 1244 4348 Epigr.
1258 4279 1368 4332 Anthol.
1382 4277 1481 4330 Graec·

393 4381 418 4432 n·
491 4365 509 4431 t.
