3258 4924
668 477 882 542 -63-

204 671 284 749 νείας
307 667 380 754 πρὸς
402 677 466 747 τοῖς
494 665 661 752 εἰρημένοις
683 669 731 732 καί
754 668 822 748 περί
843 634 899 750 τῆς
930 664 1168 752 ὀστρακοφορίας
1190 691 1347 751 προχειρο-

207 775 310 840 τονίαν
332 771 583 858 (ἐπιχειροτονίαν
606 770 691 854 cod.)
714 770 857 835 δίδοσθαι
880 771 907 834 εἰ
929 773 1015 834 δοκεῖ
1035 767 1061 853 ἢ
1076 768 1133 854 μή.

308 941 338 1004 8.
360 936 502 1023 Hesych.
525 960 549 1002 e.
573 956 601 1001 v.
624 935 712 1018 κυρία
733 935 884 1016 ἐκκλησία·

309 1069 365 1150 μία
394 1067 482 1147 κυρία
511 1066 655 1148 ἐκκλησία
676 1061 769 1149 ἤγετο
791 1062 969 1148 Ἀθήνησιν
991 1067 1025 1130 ἐν
1045 1060 1068 1154 ᾗ
1091 1065 1145 1143 τιίς
1167 1065 1261 1152 ἅρχιίς
1283 1069 1347 1132 ἐπι·

206 1179 389 1258 χειροτονεῖν
411 1167 480 1234 ἔδει.

309 1339 339 1402 9.
361 1335 466 1422 Etym.
488 1335 599 1418 Magn.
623 1357 648 1398 s.
671 1357 700 1398 v.
723 1333 819 1416 κυρία·

311 1468 449 1548 σημαίνει
472 1463 530 1550 τὴν
552 1465 747 1548 προθεσμίαν
769 1467 818 1528 καί
842 1461 899 1546 τήν
913 1465 1073 1546 ίκκληοίαν
1087 1467 1120 1530 ἐν
1134 1461 1155 1554 ᾖ
1179 1464 1233 1544 τοὶς
1248 1465 1348 1550 ἀρχάς

205 1568 421 1654 ἐχειροτόνουν.

316 1735 364 1798 10.
389 1697 495 1798 Soloi.
519 1731 559 1797 ad
584 1729 700 1796 Aesch.
722 1729 772 1812 (II
797 1731 849 1811 72)
872 1751 904 1816 p.
928 1733 1008 1812 55,12
1030 1730 1124 1797 Dind.
1194 1778 1198 1786 -

309 1859 506 1945 συγκλήτους]
530 1859 598 1943 (ul)
622 1861 765 1943 ἐξαίφνης
788 1857 837 1924 inl
867 1858 986 1947 ἑκάστῳ
1011 1867 1073 1923 τιῦν
1096 1859 1346 1942 προσπιπτόντων

204 1965 357 2050 ἐκκλησίαι
387 1961 601 2046 συλλιγόμεναι
631 1962 797 2027 ίκαλοῦντο
826 1961 995 2046 σύγκλητον
1028 1963 1058 2026 αἱ
1090 1963 1124 2028 de*
1151 1963 1231 2029 ’κατὰ
1259 1972 1345 2050 μῆνα

206 2067 370 2151 ὡρισμέναι
393 2065 593 2148 ὀνομάζονται
616 2064 722 2148 κύριαι.
751 2065 790 2130 Ιι.
814 2064 856 2128 M.

309 2224 378 2288 Iam
394 2222 483 2287 vides
498 2222 532 2285 ia
549 2243 586 2286 so
604 2221 785 2308 discrepare
807 2221 1041 2305 grammaticos,
1064 2221 1151 2308 quod
1168 2225 1222 2310 qui
1238 2230 1345 2289 temes

207 2327 372 2392 contiones
402 2326 533 2411 singulis
555 2326 718 2391 mensibus
741 2325 885 2390 tribuunt
908 2325 1037 2408 (3-6),
1061 2325 1162 2391 eidem
1187 2333 1253 2394 tres
1275 2328 1345 2393 illas

206 2431 305 2496 fuisse
336 2429 439 2510 κυρίας
470 2427 628 2511 ίκκληοίας
662 2433 822 2508 statuunt,
858 2435 893 2492 ut
923 2429 1082 2514 legitimas
1115 2428 1295 2515 (νομίμους)
1326 2453 1345 2495 κ

205 2535 318 2616 κυρίοις
347 2553 412 2596 nou
442 2531 639 2597 discernant:
669 2537 780 2596 contra
810 2551 905 2596 unam
935 2532 1035 2597 fuisse
1058 2534 1090 2596 in
1113 2533 1246 2617 singulis
1269 2555 1344 2621 pry-

204 2636 298 2703 taniis
327 2636 431 2717 κυρίαν
462 2655 503 2700 ex
535 2635 711 2700 Aristotele
740 2634 859 2700 diserte
889 2635 1049 2700 allirmant
1079 2635 1197 2700 Pollux
1230 2635 1281 2721 (2)
1312 2642 1345 2702 et

123 2727 126 2736 ’
205 2738 388 2825 Hesychius
412 2739 460 2820 (8)
490 2759 551 2803 nec
582 2737 772 2803 contradicit
800 2738 895 2803 lexioi
927 2737 1109 2824 Cantabrig.
1140 2746 1253 2804 auctor
1282 2738 1344 2824 (l),

205 2843 260 2909 ubi
289 2842 421 2928 pluralis
450 2839 483 2906 ἓν
506 2847 570 2918 ταῖς
600 2841 714 2921 πυρίαις
744 2839 913 2925 ἐκκλησίαις
942 2861 1006 2905 non
1036 2841 1077 2906 ed
1105 2842 1245 2926 singulae
1268 2865 1344 2930 pry-

205 2948 317 3027 tanias,
341 2944 397 3010 sed
421 2945 461 3009 ad
486 2945 584 3010 totius
607 2945 681 3010 anni
704 2947 866 3010 contiones
889 2945 919 3008 ln
944 2945 1124 3010 universum
1148 2946 1294 3032 pertinet.

308 3047 403 3112 Hanc
425 3067 552 3132 quoque
574 3048 663 3111 litem
687 3046 890 3113 Schoemaun
913 3047 958 3111 ita
987 3047 1112 3112 solvere
1142 3047 1277 3130 studuit,
1307 3056 1344 3114 ut

155 3189 158 3196 ·
203 3153 365 3244 divorsum
388 3151 521 3216 diversis
543 3151 743 3236 temporibus
772 3151 928 3216 rationem
952 3149 1051 3217 luisse
1074 3159 1241 3218 statueret.
1279 3154 1342 3228 Qui

205 3276 302 3340 quarn
324 3256 356 3319 in
380 3254 461 3319 libro
484 3253 525 3319 de
555 3255 689 3318 comitiis
712 3254 787 3318 Ath.
811 3275 840 3338 p.
865 3257 901 3318 31
928 3275 973 3339 sq.
1002 3255 1191 3322 senteutiam
1221 3256 1344 3341 profert

204 3359 304 3442 ipsius
327 3357 434 3423 verbis
450 3365 603 3442 repetem.
636 3355 777 3438 ,Fuisse
792 3358 904 3442 inquit,
920 3358 1008 3422 initio
1023 3357 1167 3442 singulas
1183 3360 1343 3442 ecclesias,

204 3461 297 3526 certis
331 3461 527 3546 singularum
561 3461 779 3545 prytaniarum
811 3461 922 3525 diebus
956 3459 1136 3544 habendas,
1170 3483 1189 3526 a
1224 3462 1343 3528 Solone

205 3565 411 3644 constitutas,
440 3583 559 3650 easque
581 3569 712 3650 propter
733 3563 765 3627 id
789 3565 893 3651 ipsum
923 3565 1028 3645 κυρίας
1050 3563 1151 3629 dictas
1175 3585 1254 3630 esse.
1299 3567 1343 3632 ut

204 3687 296 3750 sone,
325 3687 408 3752 quae
429 3665 549 3732 Pollux
571 3668 602 3732 iu
633 3667 720 3754 κυρίᾳ
749 3664 890 3755 ἐκκλησίᾳ
921 3673 1058 3734 trecteta
1089 3689 1160 3734 esse
1183 3669 1270 3750 dicit,
1301 3691 1341 3735 ea
1401 3725 1405 3734 ,

201 3771 313 3835 'omnia
341 3777 418 3835 sunt
447 3770 619 3852 eiusmodi,
656 3791 737 3856 quae
766 3771 899 3855 siugulis
929 3772 1082 3856 prytauiia
1110 3771 1249 3839 deficere
1278 3794 1343 3839 non

202 3880 345 3958 possent.
397 3871 460 3940 Sed
491 3875 518 3938 si
547 3893 629 3959 quae
659 3895 709 3938 res
739 3881 908 3959 praeterea
938 3875 1126 3941 accidissent
1155 3875 1196 3941 de
1227 3875 1342 3962 quibus

203 3977 361 4062 populum
394 3978 517 4042 consuli
550 3983 730 4062 oporteret,
769 3997 915 4062 quaeque
948 3978 1067 4043 differri
1102 3999 1165 4044 nou
1199 3987 1341 4064 possent,

204 4081 387 4146 contionem
420 4088 513 4145 extre
545 4081 689 4145 ordinem
724 4087 930 4146 convocatam
963 4101 1042 4146 esse.
1093 4085 1200 4148 Aucta
1234 4090 1343 4148 autem

202 4183 367 4270 republica
389 4183 673 4269 multiplicatisque
696 4185 844 4268 negotiis,
867 4185 980 4248 harum
1004 4203 1132 4270 quoque
1149 4186 1342 4266 contionum,

204 4307 285 4373 quae
307 4293 434 4374 praeter
456 4288 561 4368 κυρίαν
581 4288 668 4353 illem
692 4295 960 4369 convocarentur,
984 4287 1129 4359 ordinem
1151 4309 1189 4354 ac
1212 4290 1343 4355 modum

202 4389 327 4474 legibus
349 4391 516 4456 delinitum
539 4412 624 4475 csse,
647 4411 743 4476 quem
766 4391 907 4456 Pollucis
930 4392 1035 4458 verbis
1058 4413 1157 4478 supra
1178 4391 1341 4478 adscripsi,
