3238 4930
731 509 821 587 [23ll
1301 510 1341 572 25

207 698 365 784 expositio
389 699 465 762 satis
485 698 600 782 ampla,
624 719 687 784 qua
703 699 825 762 ratione
843 697 945 762 oratio
961 698 1208 782 prosphonetico
1225 699 1343 785 optima

206 804 271 868 fiat.
311 801 477 866 Eiusmodi
494 802 774 887 prosphonetioam
799 803 974 867 orationem
1001 803 1085 887 apud
1106 802 1279 868 Aristidem
1301 803 1344 867 le-

206 908 318 992 gimus.
343 927 439 991 quem
462 913 632 991 praesente
655 907 847 990 imperatore
871 905 1047 970 Commodo
1072 907 1212 970 habuit.¹

292 1011 344 1074 De
357 1011 547 1094 hymnorum
560 1010 891 1094 proseuctioorum
907 1019 938 1075 et
951 1011 1189 1094 apeuotioorum
1199 1031 1261 1074 usu
1272 1009 1343 1074 rhe-

207 1114 306 1179 torico
320 1135 400 1198 quae
412 1113 588 1179 Menander
605 1113 727 1198 profert
742 1115 805 1178 iam
821 1115 996 1179 attulimus.
1012 1113 1175 1198 (Spengel.
1188 1113 1242 1176 ΙΙΙ
1255 1115 1342 1194 342).

233 1273 235 1277 ,
309 1216 506 1282 *Erotioe
529 1237 658 1302 quoque
681 1218 719 1280 ad
745 1217 936 1282 rhetoricam
952 1223 1052 1281 artem
1069 1217 1217 1301 pertinet.
1243 1217 1343 1282 Extat

206 1317 346 1400 ἐρωτικὸς
361 1317 447 1402 λόγος
463 1320 579 1405 Lysiae
594 1322 624 1384 in
639 1321 783 1385 Platonis
796 1321 962 1398 Phaedr03
979 1321 1059 1385 alius
1075 1323 1133 1386 suh
1151 1321 1343 1388 Demosthe·

206 1425 254 1488 nis
277 1425 406 1489 nomine
430 1422 569 1504 ἐρωτικός
591 1424 705 1502 lartum
730 1424 913 1489 Demetrius
930 1424 1108 1490 Phalereus
1125 1447 1253 1511 quoque
1270 1423 1343 1507 ἰριο-

206 1527 288 1592 τικόν
310 1529 471 1613 scripsisse
491 1529 635 1594 traditur.

310 1631 461 1698 Ceterum
496 1634 591 1696 etiam
625 1653 738 1697 voeem
775 1639 940 1716 poetarum
976 1632 1135 1716 propriam
1175 1654 1257 1717 quae
1293 1643 1343 1700 est

207 1734 450 1820 *palinodia
474 1737 619 1800 rhetores
642 1738 671 1800 in
691 1757 783 1800 usum
799 1757 891 1800 suum
918 1745 1092 1815 verterunt,
1116 1737 1161 1799 ita
1184 1743 1219 1799 ut
1242 1739 1343 1822 pelin-

206 1840 311 1904 odiam
342 1840 567 1924 intellegerent
591 1841 777 1921 orationem,
811 1861 875 1924 qua
897 1841 1138 1904 continerentur
1161 1843 1340 1906 sententiae

206 1945 319 2028 prioris
353 1944 505 2008 orationis
536 1945 702 2008 sententiis
725 1945 913 2009 contrariae.
959 1943 1124 2008 Eiusmodi
1147 1944 1341 2028 palinodiam

206 2049 365 2114 Aristides
389 2049 581 2132 composuit:
605 2049 658 2132 qui
682 2069 753 2112 oum
770 2047 937 2133 Smyrnam
961 2047 1072 2113 urbem
1096 2070 1124 2114 a.
1152 2052 1210 2113 179
1236 2055 1341 2114 terrae

206 2161 293 2217 motu
317 2153 456 2238 graviter
478 2151 628 2216 aifliotam
652 2152 801 2216 monodia
837 2153 871 2232 (i.
895 2176 922 2218 e.
948 2153 1092 2218 oratione
1114 2152 1256 2237 lugubri)
1288 2151 1342 2216 de-

206 2259 371 2343 plorasset,
396 2255 530 2322 sendem
553 2277 572 2320 a
596 2256 638 2320 M.
663 2257 793 2322 Aurelio
817 2257 1009 2340 imperatore
1031 2258 1214 2323 restitutam
1239 2256 1341 2340 palin·

207 2363 281 2427 odia
303 2360 510 2427 celebravit.²

308 2465 980 2550 *Paraenetioesethypothetioes
997 2466 1137 2530 voeesin
1154 2471 1254 2529 artem
1270 2465 1343 2529 rhe-

205 2571 339 2634 torioam
362 2577 492 2654 recepta
514 2569 613 2634 fuisse
629 2571 687 2632 etsi
704 2569 768 2633 veri
785 2591 848 2634 non
866 2569 1017 2632 dissimile
1033 2568 1170 2648 videtur,
1194 2568 1343 2653 exempla

206 2680 313 2737 tamen
335 2672 421 2756 apud
445 2673 589 2736 rhetores
612 2693 676 2736 non
698 2673 839 2757 reperio:
864 2673 923 2737 nisi
946 2673 1032 2757 quod
1059 2671 1245 2754 παραινέσεις
1268 2669 1342 2751 πρός

206 2774 377 2860 Δημόνικοι
400 2777 459 2840 sub
484 2777 612 2840 nomine
635 2776 785 2841 Isocratis
807 2777 880 2842 ferri
905 2785 1040 2851 constat,
1063 2797 1142 2862 quaa
1159 2776 1339 2860 Harpocra-

207 2881 273 2946 tion
305 2879 439 2945 Isoorati
468 2881 695 2965 Apolloniatae
723 2879 828 2945 addioi
862 2881 942 2945 vult.
990 2880 1074 2954 Quid
1098 2882 1156 2945 sibi
1182 2882 1278 2944 velint
1303 2901 1342 2946 ea

205 2985 342 3062 nomina,
367 2983 406 3048 de
423 3007 462 3050 eo
481 2983 896 3067 Sextuellmpiriousnobis
912 2989 1097 3065 auctorest,
1113 2986 1167 3070 qui
1185 3008 1223 3048 ox
1240 2985 1342 3068 philo·

206 3090 380 3173 sophorum
411 3090 530 3154 seilicet
559 3111 618 3152 usu
653 3088 747 3152 τόπον
778 3085 964 3152 duodenaria
991 3095 1022 3154 ei
1054 3087 1260 3171 παραινετικὸν
1294 3088 1341 3153 his

102 3263 103 3268 .
205 3195 309 3258 verbis
332 3201 574 3258 commemoret:
605 3191 775 3276 (Ἀρίστων
798 3190 814 3256 ὁ
841 3190 933 3275 Χῖος)
949 3241 1057 3258 .....
1081 3195 1129 3256 καὶ
1155 3196 1208 3256 τοῦ
1227 3192 1342 3276 ἠθικοῦ

205 3295 314 3373 τόπους
345 3295 425 3372 τινὰς
455 3295 724 3379 συμποριέγραφεν,
755 3294 897 3377 καθάπερ
929 3294 984 3359 τόν
1006 3323 1038 3360 τι
1063 3296 1271 3377 παραινετικὸν
1293 3301 1341 3362 κατ’

206 3397 261 3464 τόν
281 3397 467 3464 duodenaria
489 3398 590 3464 τόπον·
636 3400 761 3476 τούτους
784 3397 842 3482 yoip
866 3402 908 3477 εἰς
932 3402 1043 3476 τίτθας
1064 3403 1113 3463 καὶ
1128 3400 1342 3483 παιδαγωγοΰς

205 3503 334 3580 πίπτειν,
361 3501 461 3581 doario
488 3503 519 3567 ds*
548 3501 620 3586 πρὸς
650 3501 685 3567 τό
715 3504 870 3582 μακαρίως
894 3509 998 3584 βιῶναι
1022 3501 1077 3566 τὸν
1098 3505 1262 3568 αἶκειοῦντα
1285 3505 1342 3584 μὲν

205 3603 279 3688 πρός
308 3603 421 3688 αόττῆν
449 3605 548 3688 λόγον,
577 3607 836 3689 α’παλλοτριοῦντα
858 3607 893 3671 δὲ
914 3607 1024 3684 κακίας,
1056 3606 1283 3690 κατατρέχοντα
1307 3609 1341 3673 di

206 3715 268 3772 τῶν
296 3707 411 3790 μεταξὺ
442 3707 575 3787 τούτων,
611 3715 678 3790 περὶ
708 3709 728 3774 ri
754 3709 782 3772 oi
806 3715 910 3774 mellei
940 3707 1129 3794 πτοηθέντες
1159 3715 1342 3792 κακοδαιμο-

208 3818 316 3876 νοῦσιν.
341 3813 444 3892 (Sext.
468 3813 587 3900 Empir.
610 3835 642 3898 p.
672 3817 741 3892 193,
765 3817 784 3878 5
808 3812 942 3890 Bekkh.

186 3959 201 3968 -
308 3913 396 3980 Inter
429 3916 573 3982 rhetores
608 3925 682 3982 sunt
716 3918 769 4003 qui
800 3917 968 3982 discrimen
1000 3917 1080 3982 inter
1111 3918 1281 4000 παραίνεσιν
1309 3925 1341 3982 et

205 4016 380 4102 συμβουλήν
408 4019 536 4086 laniant.
569 4020 692 4106 Syrien.
723 4020 821 4086 sohol.
853 4022 884 4085 in
909 4021 1064 4104 Hermog.
1089 4020 1210 4105 (wala,
1243 4022 1340 4086 rhett.

206 4122 319 4188 Graec.
343 4123 414 4188 IIII
438 4127 509 4208 763,
534 4125 585 4206 dl:
621 4174 726 4190 .....
751 4123 883 4210 διαφέροι
906 4125 1077 4206 παραίνεσις
1099 4129 1275 4208 συμβουλῆς
1296 4129 1343 4214 τῷ

207 4279 414 4292 *ua——

310 4363 318 4395 ¹
338 4360 453 4412 Aristid.
472 4359 515 4411 sd.
535 4359 661 4414 Dindorl.
680 4359 789 4426 Lipsiae
811 4357 883 4412 1829.
908 4359 982 4414 122.

309 4445 475 4500 ²Arlslld.1.
488 4445 567 4501 2021
579 4446 660 4500 Dind.
669 4443 794 4520 (prosperide
804 4449 845 4500 lat
857 4445 961 4517 Σμύρνῃ
973 4456 1000 4500 el
1011 4448 1147 4522 παλινῳδία
1159 4448 1201 4501 int
1214 4445 1337 4518 Σμύρνῃ).
