3248 4928
317 417 357 478 ro
755 452 794 459 -
844 413 929 497 [aaa]
978 451 1019 460 -

315 604 430 670 vitiose
460 625 517 689 pro
550 605 657 688 ψυχαὶ
687 624 705 669 e
736 604 810 668 Bas.
844 604 943 670 habet
971 601 1083 669 eadem
1114 609 1147 669 et
1177 598 1462 687 προσταττόμενα

317 709 433 774 honam
464 707 534 772 eius
557 707 817 774 emendationem
840 727 897 792 pro
920 713 1069 792 corrupta
1090 706 1236 774 codicum
1259 706 1461 788 quorundam

315 819 348 878 et
370 813 445 878 Aldi
468 812 605 878 lectione
627 807 857 898 πραττόμενα.
898 810 911 895 Η
948 811 984 875 P.
1011 813 1072 875 324
1100 809 1140 877 de
1163 811 1251 876 Pane
1274 810 1368 876 Corn.
1396 813 1455 877 27:

316 914 372 981 διὰ
395 913 467 1003 τὴν
489 923 548 1004 τῆς
570 922 629 1004 γῆς
652 912 842 1002 τραχύτητα
866 913 958 981 oodd.
985 921 1018 981 et
1040 914 1136 996 Ald,
1170 912 1226 982 διὰ
1249 911 1292 980 τὸ
1317 921 1375 1002 τῆς
1398 923 1460 1004 γῆς

315 1017 504 1108 τραχύτητα
527 1020 641 1087 vitiose
663 1021 739 1087 Bas.
766 1041 797 1105 p.
818 1023 855 1082 51
882 1026 915 1084 et
935 1018 1017 1084 Eud.
1052 1019 1064 1103 ΙΙ
1094 1019 1131 1083 Ρ.
1158 1021 1219 1082 342
1243 1019 1284 1085 de
1306 1019 1459 1105 Neptuno

315 1125 409 1191 Corn.
443 1128 499 1189 22:
542 1121 722 1212 τινάκταρα
756 1127 855 1208 γαίας
888 1123 978 1204 libri,
1020 1120 1201 1208 τινάκτορα
1235 1127 1332 1210 χαί-ης
1365 1125 1455 1205 Alo,

314 1231 596 1314 τινακταραχαίην
617 1227 693 1292 Bas.
720 1247 753 1311 p.
780 1229 819 1291 43
844 1233 877 1292 et
898 1225 981 1292 Eud.
1015 1225 1020 1312 1
1050 1247 1082 1311 p.
1109 1227 1171 1290 343
1202 1221 1324 1312 ἤρυγεν
1346 1227 1459 1311 optimi

316 1331 400 1412 libri,
430 1325 588 1419 ἠρύγενας
611 1327 684 1396 ΑΙτίἶ
712 1351 784 1397 cum
807 1330 1031 1412 deterioribus,
1060 1324 1199 1418 ἠΰχενυς
1221 1331 1298 1395 Bas.
1316 1353 1349 1416 p.
1368 1335 1409 1394 44
1427 1340 1460 1398 et

314 1435 398 1501 Eud.
431 1436 444 1520 ll
474 1437 509 1500 P.
535 1439 596 1498 440
621 1434 760 1518 denique
783 1434 923 1500 omnium
945 1435 1235 1501 luculentissimum
1259 1435 1459 1501 Basileeusis

314 1539 464 1606 editionis
486 1559 515 1604 a.
539 1542 620 1604 1543
644 1539 807 1624 excriptae
830 1538 1002 1622 vestigium
1018 1537 1214 1623 deprehendi
1231 1539 1299 1604 hoe.
1339 1539 1459 1621 Agitur

314 1643 355 1708 de
379 1643 491 1708 Horis:
513 1635 614 1728 Ὧραι
636 1640 699 1728 γὰρ
721 1681 765 1690 -
787 1664 819 1728 p.
839 1647 901 1708 440
925 1642 991 1708 εἴτε
1013 1641 1058 1729 μή
1081 1643 1242 1728 praestitit
1256 1643 1458 1709 Pbavorinus

316 1751 394 1812 1894
426 1749 525 1828 (Euat.
544 1747 637 1812 Hom.
656 1749 743 1829 604).
788 1747 878 1824 Quae
901 1746 1098 1832 praecedunt
1120 1753 1152 1813 et
1173 1767 1257 1831 quae
1280 1753 1459 1829 sequuntur

314 1871 332 1916 c
356 1851 487 1916 Cornuti
501 1849 699 1916 Basileensis
723 1849 872 1916 editionis
888 1869 920 1934 p.
940 1853 981 1914 59
997 1855 1029 1916 et
1045 1853 1085 1914 60
1108 1850 1154 1916 ita
1176 1849 1346 1935 descripsit
1368 1851 1456 1917 bona

313 1954 467 2037 Eudocia,
493 1961 528 2020 ut
543 1975 583 2020 ne
599 1953 774 2037 custodis*)
802 1953 931 2036 quidem
948 1955 1003 2038 qui
1019 1953 1125 2020 vocari
1141 1955 1222 2020 solet
1236 1959 1345 2020 notam
1362 1975 1393 2040 p.
1414 1960 1455 2019 59

313 2065 387 2124 τοῦ
409 2058 472 2123 dc·
501 2059 669 2124 omitteret.
717 2059 797 2142 Pag.
823 2058 908 2124 euim
932 2061 973 2122 60
996 2078 1067 2124 curn
1090 2079 1111 2123 a
1133 2057 1240 2124 verbis
1263 2065 1338 2124 τοῦ
1361 2059 1455 2140 δίχα

313 2161 470 2247 χωρίζειν
491 2162 642 2246 incipiat,
675 2161 708 2227 in
736 2168 881 2228 extrema
902 2183 935 2247 p.
961 2165 1001 2226 59
1025 2163 1150 2247 positae
1173 2169 1247 2227 sunt
1268 2161 1354 2229 duae
1376 2164 1456 2228 illae

313 2267 470 2350 syllabae.
511 2267 600 2345 Quas
622 2285 694 2332 cum
710 2265 855 2332 Eudocia
876 2266 922 2331 ita
945 2271 1061 2348 servet,
1089 2272 1123 2331 nt
1145 2267 1263 2332 scribat
1278 2271 1364 2352 Δίκη
1383 2261 1455 2332 ἀπὸ

313 2376 385 2436 τοῦ
413 2369 451 2434 dc
480 2376 541 2436 τοῦ
563 2369 641 2452 δίχα
663 2392 766 2454 χωρ,
799 2389 840 2435 ue
870 2370 984 2436 umbra
1012 2367 1143 2452 quidem
1173 2369 1384 2436 dubitationis
1412 2370 1455 2438 de

312 2481 466 2560 ternpore,
494 2493 556 2556 quo
578 2474 749 2540 violarium
772 2473 925 2560 scriptum
949 2473 1002 2557 sit,
1028 2473 1228 2556 relinquitur.

397 2681 414 2765 s
441 2684 490 2744 α.
539 2682 588 2746 ux
611 2679 910 2748 Pnrnosnnnro
940 2679 1128 2766 deprompta
1157 2701 1239 2766 quaa
1262 2683 1294 2747 in
1317 2666 1456 2750 molano

310 2789 431 2864 extant,
463 2803 571 2849 eorum
593 2782 749 2849 rationem
772 2783 1012 2850 accuratissime
1034 2784 1148 2850 habuit
1169 2785 1298 2870 Kayser
1320 2784 1353 2848 iu
1376 2785 1455 2850 Phi-

311 2887 436 2953 lostroti
452 2886 592 2953 editione
608 2887 793 2963 Turioensi;
820 2887 874 2970 qui
897 2887 977 2953 miro
1000 2906 1076 2954 casu
1100 2887 1259 2954 aeddisse
1273 2889 1451 2973 perspexit.

311 2999 346 3057 ut
374 2991 407 3057 iu
439 2991 569 3057 eosdem
600 2997 696 3073 atque
719 2989 822 3056 Aldus
845 2991 1008 3056 Manutius
1038 2990 1166 3057 codices
1195 2991 1291 3057 huius
1313 2993 1456 3058 auctoris

310 3095 467 3184 pessimos
490 3095 634 3161 Eudocia
655 3094 822 3161 incideret.
862 3094 1014 3161 Nitzsche
1036 3116 1069 3179 p.
1091 3098 1129 3161 18
1143 3115 1191 3178 sq.
1218 3095 1302 3161 vitas
1323 3117 1389 3163 nou
1412 3117 1454 3162 ex

308 3201 379 3286 ipso
402 3198 614 3282 Philostrato,
648 3198 706 3265 sed
736 3219 753 3264 e
784 3198 887 3265 lexico
916 3199 1025 3282 aliquo
1047 3199 1202 3285 repetitas
1225 3219 1298 3266 esse
1320 3200 1362 3265 ab
1385 3201 1455 3266 Eu-

309 3304 404 3371 doeia
431 3323 545 3388 parum
572 3301 709 3369 feliciter
731 3301 875 3368 coniecit.
923 3301 1023 3368 Plach
1047 3323 1079 3388 p.
1109 3307 1147 3367 19
1170 3323 1240 3370 eum
1264 3303 1351 3370 locos
1373 3305 1454 3370 Phi-

309 3411 478 3474 lostrateos
501 3413 681 3485 enumeret,
716 3406 841 3471 criticos
867 3407 900 3471 in
924 3407 1117 3474 Philostrato
1140 3407 1265 3474 edendo
1289 3409 1455 3493 excerptis

308 3513 504 3578 Endocianis
534 3511 681 3579 adiuvari
712 3510 780 3575 iure
809 3518 918 3593 negat.
972 3511 1052 3576 Mihi
1083 3531 1276 3596 quamquam
1307 3519 1453 3578 ceterum

308 3615 495 3682 Philostrati
518 3614 692 3680 editionum
715 3613 1002 3697 comparandarum
1026 3621 1167 3699 potestas
1183 3614 1292 3680 oblata
1307 3635 1371 3680 non
1388 3623 1448 3696 est,

308 3725 416 3783 tamen
439 3737 509 3783 eum
533 3715 617 3800 quod
640 3737 679 3782 ea
696 3716 768 3802 ipsa
784 3716 969 3782 Philostrati
985 3717 1104 3802 scripta
1118 3716 1263 3783 Endocia
1278 3715 1446 3800 expilavit,

308 3841 390 3905 quae
415 3819 539 3886 soloin
562 3820 609 3886 eis
632 3819 825 3886 editionibus
848 3808 1006 3902 leguntur,
1034 3820 1117 3886 vitas
1140 3819 1211 3886 dico
1235 3826 1267 3884 et
1288 3820 1452 3904 imagines

309 3933 341 3990 et
356 3925 528 4006 heroicum,
548 3931 621 3995 um
638 3925 724 4006 quod
739 3924 868 4010 Kayser
891 3943 1034 3990 summae
1056 3924 1151 3990 homo
1174 3931 1205 3990 ct
1227 3923 1396 4007 religionis
1420 3931 1453 3990 et

307 4029 383 4095 fidei
406 4028 580 4094 maximum
603 4027 765 4094 Eudociae
789 4047 860 4093 cum
883 4028 1047 4094 veteribus
1070 4027 1135 4094 illis
1159 4027 1354 4095 editionibus
1377 4049 1451 4095 esse

377 4273 399 4334 *i
429 4271 461 4324 lu
486 4270 582 4325 codice
607 4270 735 4324 Parisino
759 4268 891 4326 falsarius
915 4285 970 4324 nou
994 4271 1163 4338 singularum
1189 4271 1370 4340 paginarum,
1399 4271 1449 4327 sed

307 4357 503 4413 fttsoiculorum
521 4356 654 4411 custodes
672 4356 766 4424 possuit
784 4359 802 4411 i.
823 4373 847 4412 e.
868 4373 894 4426 p.
920 4360 959 4409 lb.
981 4359 1022 4409 3⁶2.
1044 4359 1078 4410 43
1091 4365 1142 4414 etc.
