3258 4924
742 477 930 538 ,.7-

270 665 464 751 explendum
501 670 583 728 esset
623 683 782 728 summum
817 663 858 726 12
891 662 1079 727 litterarum.
1135 663 1227 738 Quod
1265 662 1405 730 Koebler

269 769 450 834 dubitanter
472 767 635 852 proposuit
657 763 759 840 ἔδοξεν
781 768 836 828 τοῖν
859 761 976 848 δῆμον,
999 765 1121 830 duabus
1144 765 1183 830 de
1206 768 1307 831 causis
1329 768 1405 833 ferri

226 945 230 952 ,
271 895 333 938 non
356 877 475 956 potest:
499 877 531 934 et
554 869 677 934 duabus
700 869 813 933 litteris
835 869 973 954 spatium
994 890 1153 932 summum
1167 871 1406 956 supergreditur

144 1031 154 1039 .
271 995 373 1059 neque
395 973 475 1038 haee
488 973 608 1038 notatio
623 971 681 1036 hoo
703 971 771 1036 loco
793 992 944 1055 umquam
966 971 1093 1055 legitur,
1114 971 1170 1036 sed
1188 993 1313 1058 semper
1335 979 1406 1057 post

269 1076 475 1163 proddrorum
486 1075 624 1139 nomina.
640 1073 712 1138 Hoc
727 1075 794 1160 ipso
808 1081 916 1138 eutem
927 1074 1005 1156 loco,
1019 1073 1189 1158 deliquid,
1203 1075 1322 1140 notatio
1334 1097 1405 1142 con·

269 1182 361 1246 tionis
383 1180 563 1264 requiritur.
608 1177 716 1264 Atque
738 1200 811 1242 curn
825 1177 963 1259 ἐκκλησία
982 1177 1068 1260 κυρία
1091 1175 1149 1260 (13
1171 1178 1245 1258 litt.)
1267 1179 1405 1264 spatium

270 1285 446 1348 maximum
461 1304 525 1346 una
540 1283 646 1346 littera
662 1281 930 1366 supergrediatur,
945 1289 1056 1366 aptum
1071 1287 1119 1346 est
1135 1282 1237 1346 solum
1252 1279 1404 1362 ἐκκλησία.

373 1385 460 1450 Vera
482 1405 632 1452 versuum
654 1384 829 1470 amplitudo
853 1384 911 1449 hoc
934 1384 1026 1448 modo
1049 1385 1179 1450 definita
1201 1391 1249 1450 est
1265 1388 1305 1449 33
1322 1385 1406 1450 litte·

269 1511 385 1554 rarum.
431 1488 667 1573 Relinquuntur
700 1487 796 1572 igitur
829 1487 1021 1552 restitutioni
1058 1489 1191 1552 nominis
1226 1489 1341 1554 mensis
1375 1493 1407 1552 et

269 1614 472 1658 numerorum
502 1593 616 1675 mensis
645 1592 873 1677 prytaniacque
903 1593 944 1656 22
974 1592 1109 1656 litterae.
1152 1591 1198 1656 At
1221 1593 1294 1657 licet
1317 1613 1407 1656 voca-

270 1697 345 1760 bula
367 1717 464 1781 ponas
488 1717 535 1778 ea,
559 1717 639 1780 quae
655 1695 850 1780 paucissimis
874 1701 1016 1760 constent
1037 1696 1161 1778 litteris,
1183 1695 1283 1760 veluti
1299 1697 1329 1757 Γ
1326 1719 1408 1779 ομη-

269 1803 375 1876 λιῶνος
396 1799 537 1880 εἰκοστήν,
560 1797 643 1882 ἓκτηο
669 1800 726 1876 (23
749 1797 834 1881 litt.)‚
859 1798 1034 1882 amplitudo
1058 1819 1206 1864 versuum
1228 1805 1405 1884 superetur.
1474 1849 1476 1856 .

270 1903 368 1968 Solito
391 1904 488 1987 igitur
511 1902 603 1966 modo
626 1901 704 1966 haee
727 1923 878 1986 expressa
900 1901 996 1966 fuisse
1018 1923 1079 1966 non
1104 1901 1262 1966 videntur.
1306 1901 1407 1985 Prop-

270 2013 357 2070 terea
379 2007 549 2070 verisimile
572 2013 620 2070 est
642 2005 693 2068 bic
715 2005 815 2069 latere
838 2005 924 2068 idem
947 2005 1102 2090 lapicidae
1124 2010 1300 2090 peccatum,
1323 2003 1407 2088 quod

271 2110 470 2174 commissum
494 2116 541 2174 est
574 2130 628 2172 nn.
655 2111 733 2190 1813
768 2093 847 2190 4933
883 2107 984 2173 emb:
1021 2107 1168 2194 equidem
1190 2108 1407 2194 proposuerim

263 2211 523 2294 Ἑκατομβαιῶνος
558 2211 733 2295 ἓνδεκοίοηο,
773 2234 854 2298 quae
890 2214 1047 2278 restitutio
1085 2215 1223 2298 spatium
1256 2212 1407 2276 adcurate

269 2317 388 2401 explet.
434 2315 577 2382 Scribere
605 2317 690 2380 enim
713 2315 850 2382 debebat
872 2316 1010 2402 lapicida
1035 2315 1294 2398 Ἑκατομβαιῶνος
1323 2313 1408 2380 ἐνδο-

270 2417 367 2502 κοῖτην,
390 2416 544 2502 ἑνδεκάτην
568 2425 625 2504 τῆς
647 2420 837 2500 πρυτανείας.

373 2523 462 2597 Quae
484 2524 510 2586 si
533 2529 618 2588 recte
641 2523 788 2588 restituta
810 2530 902 2606 sunt,
926 2524 1036 2588 titulus
1058 2544 1121 2588 non
1142 2523 1281 2608 pertinet
1303 2522 1344 2586 ad
1367 2521 1407 2586 ol.

272 2630 375 2709 110,1.
420 2627 505 2691 Nam
527 2647 564 2691 eo
588 2633 729 2712 tempore
750 2628 892 2693 nondum
921 2627 1030 2692 addita
1058 2633 1106 2691 est
1128 2627 1313 2710 significatio
1336 2647 1408 2690 con·

269 2733 362 2797 tionis
395 2731 513 2816 (prima
541 2732 674 2796 occurrit
702 2753 733 2796 n.
761 2733 838 2812 175,
868 2731 909 2796 ol.
933 2753 978 2796 ca.
1006 2731 1081 2813 1123
1111 2731 1180 2816 ipsa
1209 2731 1325 2797 mensis
1354 2753 1408 2796 no-

269 2837 346 2900 tatio
375 2835 477 2920 prima
504 2856 535 2900 n.
571 2837 647 2916 121,
678 2835 718 2898 ol.
752 2835 880 2916 110‚3.).
931 2834 1141 2900 Revoeandus
1171 2836 1268 2920 igitur
1298 2835 1409 2900 titulus

269 2940 310 3004 ad
340 2939 380 3003 ol.
413 2940 505 3020 116,4
529 2967 570 2990 =
594 2939 703 3018 31312.
749 2939 852 3012 Quem
874 2939 915 3004 ad
938 2959 1057 3003 annum
1080 2939 1246 3022 quominus
1268 2937 1409 3004 Kochler

269 3043 397 3106 titulum
419 3047 591 3124 revocaret,
615 3042 673 3106 hoo
696 3041 853 3106 obstitisse
876 3041 1012 3123 videtur,
1036 3041 1120 3126 quod
1142 3063 1205 3106 non
1227 3041 1409 3106 inveniebat

268 3145 490 3230 symprobdros
518 3145 606 3228 illos,
637 3147 691 3230 qui
720 3145 794 3210 inde
823 3147 864 3210 ab
894 3146 934 3210 ol.
961 3149 1021 3210 115
1052 3145 1117 3226 (vel
1149 3145 1254 3226 115,2)
1284 3165 1409 3230 semper

269 3250 302 3312 in
317 3249 518 3334 praescriptis
540 3256 735 3334 comparent.
774 3233 933 3314 Videntur
955 3256 1064 3314 autem
1086 3249 1267 3333 fragmenta
1289 3249 1409 3312 littera·

269 3373 356 3434 rum,
387 3373 468 3436 quae
497 3353 530 3416 in
561 3352 673 3416 ultimo
704 3373 798 3418 versu
828 3335 996 3438 leguntur,
1026 3373 1089 3416 uon
1112 3352 1207 3416 luisse
1231 3353 1333 3414 orM
1352 3350 1407 3416 sed

270 3455 374 3540 potius
408 3458 497 3518 ΟΕΔ
527 3483 569 3508 =
603 3453 836 3538 ccpnpltsdlcer.
892 3455 1045 3520 Eiusdem
1081 3457 1157 3519 anni
1190 3461 1237 3518 est
1267 3475 1298 3518 n.
1333 3455 1406 3518 236.

270 3559 425 3644 Prytania
464 3560 524 3624 fuit
565 3565 621 3622 aut
658 3557 846 3626 Erechtheis
886 3567 942 3624 aut
974 3558 1121 3644 Cecropis
1154 3565 1210 3623 eut
1242 3557 1408 3624 Antiochis

269 3663 382 3746 prima.
427 3664 555 3729 Scribae
578 3685 694 3728 nomen
718 3685 780 3728 non
803 3671 972 3728 exaratum
994 3663 1085 3728 fuit.¹

772 3841 803 3884 n.
830 3821 901 3883 121.

371 3930 577 3996 Restitutioni
600 3931 722 3994 dierum
750 3932 866 3996 mensis
896 3937 927 3994 et
955 3932 1122 4017 prytaniae
1152 3930 1246 3994 datae
1269 3938 1343 3995 sunt
1365 3932 1407 3993 22

269 4035 404 4099 litterae.
447 4034 493 4099 Hi
515 4041 639 4098 tentum
662 4035 786 4098 numeri
809 4036 841 4098 in
864 4033 970 4119 lapide
994 4035 1089 4100 fuisse
1112 4040 1261 4120 possunt:

577 4133 680 4222 ὀγδόην
702 4135 764 4220 μετ’
790 4135 918 4214 εἰκάδας,
943 4135 1054 4220 dydriqlr

577 4239 680 4326 ἐνάτην
701 4239 766 4329 μετ’1
790 4237 919 4320 εἰκάδας,
943 4239 1057 4326 lvcirqlr

270 4355 294 4362 -—
309 4357 329 4362 --
355 4399 364 4434 ¹
384 4357 419 4450 ul.
438 4357 537 4451 llartel
556 4399 573 4449 1.
592 4413 614 4450 c.
634 4413 662 4464 p·
679 4395 721 4452 41).
