3248 4928
302 433 342 492 no
735 465 779 474 -
825 429 910 512 [332]
957 467 1000 476 -

297 617 426 684 obviam
449 617 518 684 lieri
540 617 755 701 observasset,
781 618 816 683 in
836 639 908 684 earn
923 618 1079 684 deductus
1103 625 1153 685 est
1175 617 1378 700 sententiam,
1408 625 1445 683 nt

297 723 338 788 ab
355 722 477 788 Ioanne
492 723 612 788 Tzetza
633 722 676 788 cd
699 722 902 788 emendanda
924 723 1032 788 fratris
1055 722 1160 788 Isaaoi
1183 721 1306 788 scholio
1327 721 1444 787 Eudo-

299 826 369 891 ciae
392 826 508 892 librum
530 825 690 892 adscitum
706 847 779 893 esse
801 827 1010 894 existimaret.
1058 827 1177 894 Contra
1199 825 1299 890 Flach
1322 845 1354 910 p.
1377 829 1438 890 131

296 934 410 994 -149
432 929 479 995 ita
508 929 592 995 benc
621 931 842 1014 quaestionem
872 931 1030 1016 explicat,
1064 936 1100 996 ut
1120 927 1296 994 Endociam
1322 927 1440 994 ecdem

296 1041 439 1099 veterum
474 1033 700 1118 Lycophronis¹
729 1034 920 1100 scholiorum
955 1034 1036 1099 libro
1069 1031 1307 1118 corruptissimo
1343 1051 1438 1097 usam

296 1157 368 1203 esse
390 1157 451 1220 quc
474 1139 611 1203 Tuetuas
634 1136 748 1203 fratres
779 1144 909 1218 statuat,
943 1138 1171 1222 ingentemque
1193 1135 1343 1202 vitiorum
1366 1135 1439 1202 foe-

295 1240 498 1306 dissimorum
532 1240 697 1308 Endcciae
730 1262 802 1308 curn
836 1240 928 1308 codd.
963 1242 1042 1308 Vitt.
1069 1245 1087 1304 2
1111 1245 1185 1308 et3
1219 1239 1436 1306 communium

295 1344 411 1409 molem
433 1365 454 1408 a
468 1343 596 1409 Tnetzis
618 1345 700 1429 ipsis
723 1345 952 1412 escholiorum
974 1345 1055 1412 libro
1078 1345 1235 1430 patienter
1257 1343 1436 1428 excriptam

295 1465 366 1512 esse
390 1447 451 1512 sibi
474 1447 645 1531 persuasit.
693 1447 786 1525 Quod
809 1448 836 1513 si
858 1448 929 1531 quis
947 1447 1078 1514 Fluchic
1100 1447 1221 1530 credet,
1248 1446 1278 1512 ei
1294 1447 1436 1512 Tzetzae

292 1549 371 1636 ipsis
382 1550 509 1616 Tnetzis
521 1551 694 1637 ineptiores
706 1551 808 1619 luisse
820 1551 955 1636 putandi
967 1551 1041 1618 sint.
1071 1550 1431 1637 Anproversibnsbis:

400 1687 542 1774 Παιόνῴ
564 1682 596 1754 δ’
615 1683 743 1772 οὔνομα
766 1694 852 1777 θῆκε
876 1694 1060 1776 Πορίσσον,
1088 1682 1161 1754 ἀλλ’
1179 1685 1317 1776 Ἀχιλῆα

463 1789 598 1880 Πηλεὺς
620 1793 775 1879 κίκλησκε
799 1794 928 1874 χείλεος
950 1789 1062 1859 εἵνεκά
1084 1815 1155 1875 μιν.

400 1900 565 1979 Κείμενον
587 1895 651 1962 εἰνλ
673 1893 765 1962 κόνει
788 1897 912 1982 σποδιῇ
936 1896 994 1962 ἐπὶ
1017 1903 1085 1982 πῦρ
1110 1891 1286 1982 ἀπάμερσε

463 2001 605 2076 Χείλεος
628 1999 817 2083 αἰθομένου
840 1995 1051 2088 ἀπροφάτως
1074 1999 1201 2086 ἑτέρου.

288 2139 330 2205 ab
361 2139 488 2205 bomine
511 2139 705 2206 Graecarum
733 2139 910 2206 litterarum
941 2139 1043 2224 perito
1072 2160 1176 2223 neque
1203 2140 1300 2224 plane
1324 2137 1433 2204 Grae-

288 2263 395 2308 corum
418 2263 566 2310 versuum
597 2242 838 2328 pangendorum
868 2243 981 2328 ignaro
1012 2243 1107 2310 scribi
1134 2249 1306 2328 potnerunt
1328 2243 1434 2309 verba

288 2347 368 2413 heco
399 2367 497 2414 sensu
529 2347 625 2431 plone
659 2345 801 2412 carentia
829 2345 879 2426 (cf.
906 2346 988 2412 Eud.
1014 2369 1046 2431 p.
1066 2349 1156 2430 225);
1196 2345 1324 2410 παῖδα·
1361 2353 1434 2429 γνῶ

288 2443 460 2534 ὅόιλνσμα
484 2455 568 2537 θῆκε
593 2449 773 2534 aeolicos·
808 2443 894 2513 ἀλλὰ
915 2447 1069 2530 Ἀχιλλέα
1092 2445 1226 2536 Πηλεὺς
1255 2449 1428 2535 κέκληκεν.

287 2551 397 2635 ἕχίλος
420 2551 531 2620 εἵνεκά
553 2578 612 2636 μιν
635 2557 790 2636 κείμενον
813 2551 863 2618 ἐνὶ
885 2557 980 2638 κονίῃ
1004 2552 1138 2638 σποδιῇ,
1170 2551 1224 2618 ἐνὶ
1247 2559 1316 2638 πῦρ
1341 2549 1432 2618 ἀπέ-

284 2680 385 2744 μερσε
409 2659 528 2739 χλλεος,
557 2651 614 2722 ὅτε
637 2661 715 2738 βίον
738 2651 971 2744 ἀπροσφάτιος
994 2654 1131 2742 ἑτέροο1
1178 2657 1267 2724 Haec
1296 2677 1428 2723 eurum-

285 2781 348 2842 que
370 2761 490 2827 similia
513 2762 600 2827 rtulti
624 2768 657 2827 et
678 2760 798 2827 indocti
827 2761 949 2825 librarii
972 2780 1106 2846 peccare
1137 2766 1327 2844 potuerunt,
1362 2782 1429 2826 non

285 2870 455 2948 potuerunt
477 2866 616 2930 Tzctzae
639 2863 766 2946 fratres,
800 2883 879 2948 qnos
908 2865 942 2928 in
965 2864 1079 2930 litteris
1102 2862 1238 2929 Graecis
1267 2884 1332 2928 non
1355 2885 1429 2930 me-

284 2966 432 3034 diocriter
453 2976 597 3034 versatos
620 2987 693 3034 esse
715 2974 850 3034 constat.

370 3089 569 3174 Improbavit
582 3089 707 3154 Flachii
731 3088 922 3154 sententiam
945 3089 1127 3174 nuperrime
1146 3088 1267 3155 Scheer
1287 3090 1322 3154 in
1337 3090 1425 3156 llus.

283 3191 383 3258 Rhen.
411 3193 555 3258 XXXIV
577 3214 610 3278 p.
636 3194 698 3256 473
727 3191 834 3258 adnot.
865 3197 899 3272 l,
930 3192 984 3275 qni
1008 3213 1064 3258 cur
1085 3192 1157 3276 ipse
1178 3193 1331 3258 Tzetzam
1355 3193 1427 3259 Eu-

282 3294 374 3362 docia
396 3317 489 3362 nsum
505 3316 577 3362 esse
600 3295 719 3379 credat,
746 3315 809 3362 non
831 3314 996 3378 assequor.
1043 3295 1204 3379 Quotquot
1225 3295 1310 3362 enim
1335 3297 1427 3363 locos

281 3420 312 3484 p.
343 3403 403 3464 129
427 3420 474 3484 sq.
506 3399 607 3466 Flacb
641 3406 806 3466 enumerat
840 3399 985 3483 aliosque
1018 3419 1081 3464 non
1114 3419 1233 3484 pancos
1263 3421 1281 3466 e
1311 3399 1426 3468 codice

281 3503 418 3568 Tnetzae
442 3503 611 3568 deterrimo
635 3502 796 3584 similique
819 3502 1143 3586 Vittembcrgensium
1169 3501 1298 3568 illorum
1323 3503 1426 3570 babet

279 3605 488 3684 Phavorinns,
516 3606 728 3673 ePhavorino
743 3605 898 3672 Eudocia.
939 3606 1097 3690 Exemplo
1119 3605 1278 3691 proferam
1302 3627 1421 3692 pauca.

365 3729 400 3792 Ρ.
420 3731 460 3791 43
485 3728 565 3813 περὶ
587 3724 802 3803 Ἀντικλείας.
850 3727 1001 3792 Tuetzam
1024 3727 1057 3792 in
1080 3725 1158 3810 Lyc.
1181 3729 1243 3791 786
1267 3727 1425 3796 describit

279 3830 481 3897 Phavorinns
504 3853 535 3917 p.
556 3835 629 3914 207,
656 3830 869 3897 Phavorinum
893 3830 1050 3896 Eudocie:
1078 3823 1223 3907 ὕσαντος
1247 3829 1338 3897 πολὺ
1360 3841 1425 3900 τοῦ

278 3931 362 4011 Διός
384 3935 505 4016 Treta,
538 3929 682 4011 ἄσαντος
706 3935 848 3999 notiaco
871 3932 963 4010 τινος
985 3935 1086 3999 Phav.
1111 3933 1194 3999 Eud.
1242 3935 1333 4001 Nihil
1357 3937 1423 4022 igi-

277 4045 328 4103 tur
350 4045 400 4104 est
421 4039 625 4105 tribuendum
649 4039 699 4120 iis,
734 4059 818 4121 qnae
841 4037 882 4104 de
905 4038 992 4103 sonte
1015 4037 1176 4104 Eustathii
1199 4045 1232 4104 et
1254 4039 1423 4108 Eudociae

277 4149 308 4207 ct
330 4141 371 4207 de
393 4141 509 4208 litteris
532 4143 712 4208 uncialibus
735 4140 835 4206 Flach
859 4164 890 4227 p.
914 4145 973 4205 112
996 4141 1189 4226 pronuntiat.

362 4246 397 4309 P.
420 4249 479 4310 193
504 4247 584 4332 περὶ
600 4252 657 4331 τῆς
673 4242 821 4331 Δανάης.
863 4244 955 4309 Duae
970 4243 1142 4311 Phavorini
1158 4245 1300 4328 glossae,
1329 4267 1363 4333 p.
1379 4255 1423 4315 99

276 4345 442 4432 Ἀκρίσιος
470 4347 926 4432 (Schol.np.Rh.1v1091)
955 4355 1041 4432 etp.
1065 4351 1125 4411 449
1149 4345 1270 4435 Δανάη
1294 4351 1420 4432 (Treta.
