3226 4932
309 417 349 480 sa
741 449 785 458 -
832 411 917 494 [aro]
965 447 1007 458 -

398 602 656 687 IiNVHIep.
683 607 714 666 4.

527 721 1135 807 -„¹u--.¹c-c!ap.‘u--

311 829 430 894 Versus
454 827 520 893 exit
541 827 574 892 in
598 825 986 912 tripodiamtrochaicam
1009 823 1239 891 catalecticum.

399 950 427 1033 5)
455 947 482 1012 N
506 947 583 1013 VIII
606 955 660 1014 str.
690 953 718 1011 1.

535 1066 1232 1119 -Ξ-υυ-...’.υ..-.’..ιυ-υυι.ἕ

399 1170 582 1237 Secundum
605 1171 665 1237 hoc
688 1171 818 1236 schema
840 1169 977 1255 primum
993 1170 1097 1236 colum
1112 1169 1251 1254 trIpodia
1265 1167 1462 1252 logaoedica

314 1273 493 1340 acatalecto
511 1281 571 1357 est,
597 1273 631 1338 in
654 1275 744 1339 cuius
767 1273 870 1358 prima
893 1273 971 1340 sede
993 1272 1162 1339 trochaeus
1185 1281 1217 1339 et
1231 1292 1288 1358 pro
1303 1291 1341 1338 eo
1358 1291 1461 1356 spon-

316 1376 396 1443 deus
411 1385 579 1462 ponuntur,
608 1377 721 1443 sedin
744 1378 884 1461 quinque
907 1377 1047 1462 strophis
1069 1377 1190 1462 primns
1212 1395 1271 1462 pes
1294 1374 1462 1461 spondens

314 1487 382 1564 est,
408 1481 442 1545 in
464 1501 529 1547 una
551 1481 751 1566 antistropha
774 1478 801 1564 γ’
826 1481 995 1546 trochaeus
1018 1488 1169 1564 apparet,
1196 1480 1250 1545 ubi
1272 1479 1368 1546 lectio
1391 1487 1462 1544 tra-

313 1582 382 1648 dita
403 1583 477 1649 aliis
499 1603 624 1666 quoque
647 1584 687 1650 de
710 1583 817 1649 causis
840 1583 981 1667 genuina
1003 1602 1076 1649 esse
1092 1603 1155 1649 non
1170 1583 1306 1648 videtur.
1349 1583 1460 1648 Verba

313 1695 420 1753 autern
443 1687 523 1753 haee
546 1695 629 1772 sunt,
655 1709 738 1772 quae
761 1688 942 1754 traduntur:

505 1809 947 1857 --.Lw--Lv--L
962 1825 1118 1856 υυυυυ
1135 1807 1262 1893 [stiam

808 1947 830 1956 -
884 1929 946 1960 υ..
976 1947 998 1955 -
1029 1907 1218 1994 ζυυΥΛυ

392 2126 529 2211 αὔξεται
545 2129 579 2198 δ’
598 2128 710 2220 ἀρετά,
730 2134 877 2218 χλωραῖς
894 2131 1025 2218 ἐέρσαις
1041 2126 1084 2208 ὡς
1101 2125 1156 2196 ὅτε
1173 2131 1330 2216 δένδρεον
1346 2127 1466 2200 ἆῒσσει

434 2247 556 2321 σοφοῖς
579 2230 710 2321 ἀνδρῶν
733 2230 888 2322 ἅορδεῖσ’
915 2234 950 2302 ἐν
973 2235 1116 2310 δικαίοις
1139 2258 1174 2298 τε
1198 2232 1285 2320 πρὸς
1309 2229 1416 2322 ὑγρόν

390 2336 528 2423 αἰθέρα.

402 2458 492 2536 Quae
514 2466 581 2525 turn
604 2460 732 2526 demum
756 2462 799 2526 ad
821 2467 955 2526 metrum
978 2459 1182 2542 quadrarent,
1209 2459 1238 2524 si
1256 2459 1370 2526 liceret
1386 2483 1465 2529 ver-

315 2579 371 2625 sns
393 2561 515 2646 priores
539 2563 620 2628 duos
642 2564 836 2647 coniungere
860 2563 988 2646 syllaba
1010 2563 1123 2628 ultima
1139 2563 1228 2628 verbi
1244 2555 1357 2628 ἂΐσσει
1372 2559 1494 2650 prio·'

316 2683 382 2728 rem
404 2665 510 2730 thesin
534 2666 693 2734 efficiente
716 2667 834 2752 epitriti
857 2664 1021 2748 sequentis
1043 2665 1103 2731 hoc
1126 2665 1237 2731 modo:

659 2839 664 2851 .
687 2837 693 2849 .
718 2837 723 2848 .
743 2805 1002 2835 ······
1030 2835 1036 2848 ·
1059 2837 1064 2849 ·
1087 2839 1092 2848 .

749 2812 1174 2975 ἀΐσλσοισοφοῑς....

313 3009 373 3076 sed
393 3010 562 3077 intercedit
583 3010 689 3076 hiatus
711 3032 741 3076 v.
772 3014 809 3076 18

387 3135 458 3200 στρ.
477 3113 508 3196 py
530 3121 541 3177 1
572 3119 780 3200 ...ποντίᾳ
805 3113 841 3178 ἕν
864 3137 947 3178 ποτε
973 3111 1113 3198 Κύπρῳ.
1141 3113 1335 3198 Ιῗσταμαι.
1359 3169 1364 3178 .
1389 3167 1395 3178 .

399 3235 581 3301 Boeckhius
606 3243 639 3300 nt
661 3241 795 3300 metrum
818 3235 998 3300 restitueret
1013 3255 1069 3319 pro
1087 3229 1196 3300 ἀΐσσει
1213 3235 1342 3320 scripsit
1359 3233 1463 3324 ᾄσσει

314 3345 387 3403 ante
411 3349 533 3424 σοφοῖς
555 3337 667 3404 addita
689 3338 925 3422 praepositione
950 3336 995 3402 έν.

400 3459 501 3537 Quem
525 3458 567 3524 ad
591 3459 693 3524 locum
717 3458 778 3523 tria
801 3459 923 3524 scholia
946 3467 1057 3524 extant
1078 3460 1175 3524 haec:

399 3583 428 3664 a)
457 3576 493 3643 τὸ
518 3579 554 3644 δὲ
578 3577 669 3665 ἑξῆς
710 3573 847 3658 αὔξεται
876 3579 911 3644 δὲ
936 3573 1038 3664 ἀρετὰ
1062 3577 1098 3644 έν
1121 3590 1243 3664 σοφοῖς
1266 3604 1301 3644 το
1327 3584 1384 3646 καὶ
1408 3585 1461 3650 δι-

457 3687 565 3759 καίοις
588 3689 654 3748 τιῖιν
677 3677 808 3768 ἀνδρῶν
831 3677 988 3768 ἀρθεῖσα,
1016 3675 1059 3759 ὡς
1083 3675 1138 3747 {ire
1155 3681 1294 3766 δένδρον
1309 3686 1464 3770 χλωραῖς

457 3784 588 3872 ἐέρσαις
612 3783 700 3870 πρὸς
723 3779 827 3870 ὑγρὸν
850 3784 987 3870 αἰθέρα.

404 3889 504 3955 Cuius
528 3897 638 3955 auctor
660 3911 722 3955 non
746 3889 825 3973 legit
848 3882 969 3970 ἀΐσσει,
996 3888 1076 3971 legit
1098 3888 1232 3954 fortasse
1250 3887 1286 3953 ἐν
1308 3899 1385 3958 ante
1401 3915 1464 3958 σο-

316 4005 413 4080 φοῖς,
447 3993 511 4058 nisi
534 3995 804 4078 praepositionem
829 3991 864 4058 ἒν
891 4001 965 4060 οοῖο
990 3993 1132 4068 δικαίοις
1155 3993 1270 4058 lectam
1295 3997 1464 4081 supplevit

311 4099 343 4162 tn
366 4097 627 4182 transscriptione
649 4104 724 4164 ante
748 4109 881 4183 σοφοῖς.

399 4219 430 4302 b)
459 4211 476 4281 δ
501 4217 537 4282 δὲ
561 4225 657 4295 νοῦς·
685 4214 823 4298 αὔξεται
846 4218 882 4283 δὲ
906 4199 962 4282 καὶ
978 4211 996 4304 ἡ
1015 4211 1115 4304 ἀρετὴ
1132 4225 1196 4284 τῶν
1213 4213 1346 4304 ἀνδρῶν
1362 4215 1466 4307 ὑψω-

458 4325 560 4385 tesca
584 4334 654 4398 τοῖς
678 4334 799 4408 σοφοῖς
823 4322 880 4386 καλ
902 4321 1046 4397 δικαίοις
1068 4320 1181 4405 λόγοις
1206 4327 1271 4386 τῶν
1294 4334 1464 4413 ποιητῶν,

1426 4427 1471 4478 ’a
