<?xml version="1.0" encoding="UTF-8"?>
<!DOCTYPE html PUBLIC "-//W3C//DTD XHTML 1.0 Transitional//EN"
    "http://www.w3.org/TR/xhtml1/DTD/xhtml1-transitional.dtd">
<html xmlns="http://www.w3.org/1999/xhtml" xml:lang="en" lang="en">
 <head>
  <title>
</title>
<meta http-equiv="Content-Type" content="text/html;charset=utf-8" />
  <meta name='ocr-system' content='tesseract 3.04.00' />
  <meta name='ocr-capabilities' content='ocr_page ocr_carea ocr_par ocr_line ocrx_word'/>
</head>
<body>
  <div class='ocr_page' id='page_1' title='image "./dissertationesp02stragoog_0652.png"; bbox 0 0 3248 4928; ppageno 0'>
   <div class='ocr_carea' id='block_1_1' title="bbox 630 421 892 503">
    <p class='ocr_par' dir='ltr' id='par_1_1' title="bbox 630 421 892 503">
     <span class='ocr_line' id='line_1_1' title="bbox 630 421 892 503; baseline -0.004 -19"><span class='ocrx_word' id='word_1_1' title='bbox 630 457 671 464; x_wconf 96' lang='lat'><em>-</em></span> <span class='ocrx_word' id='word_1_2' title='bbox 719 421 803 503; x_wconf 80' lang='grc' dir='ltr'>[11η</span> <span class='ocrx_word' id='word_1_3' title='bbox 852 459 892 466; x_wconf 78' lang='grc'><strong>--</strong></span> 
     </span>
    </p>
   </div>
   <div class='ocr_carea' id='block_1_2' title="bbox 566 723 1005 867">
    <p class='ocr_par' dir='ltr' id='par_1_2' title="bbox 566 723 1005 867">
     <span class='ocr_line' id='line_1_2' title="bbox 566 723 1005 867; baseline 0.007 -48"><span class='ocrx_word' id='word_1_4' title='bbox 566 723 728 821; x_wconf 83' lang='lat' dir='ltr'>LIBER</span> <span class='ocrx_word' id='word_1_5' title='bbox 759 723 950 822; x_wconf 81' lang='lat' dir='ltr'><strong>ALTER.</strong></span> <span class='ocrx_word' id='word_1_6' title='bbox 1000 857 1005 867; x_wconf 25' lang='grc' dir='ltr'>Ι</span> 
     </span>
    </p>
   </div>
   <div class='ocr_carea' id='block_1_3' title="bbox 191 919 1326 1112">
    <p class='ocr_par' dir='ltr' id='par_1_3' title="bbox 191 919 1326 1112">
     <span class='ocr_line' id='line_1_3' title="bbox 277 919 1326 1007; baseline 0.005 -23"><span class='ocrx_word' id='word_1_7' title='bbox 277 919 370 985; x_wconf 91' lang='lat' dir='ltr'><strong>Nunc</strong></span> <span class='ocrx_word' id='word_1_8' title='bbox 392 919 433 985; x_wconf 89' lang='lat' dir='ltr'><strong>de</strong></span> <span class='ocrx_word' id='word_1_9' title='bbox 456 920 496 985; x_wconf 89' lang='lat' dir='ltr'><strong>iis</strong></span> <span class='ocrx_word' id='word_1_10' title='bbox 518 921 680 1005; x_wconf 87' lang='lat' dir='ltr'><strong>agendum</strong></span> <span class='ocrx_word' id='word_1_11' title='bbox 702 929 768 1006; x_wconf 91' lang='lat' dir='ltr'><strong>est,</strong></span> <span class='ocrx_word' id='word_1_12' title='bbox 801 941 884 1004; x_wconf 86' lang='lat' dir='ltr'><strong>quae</strong></span> <span class='ocrx_word' id='word_1_13' title='bbox 907 927 1035 1007; x_wconf 89' lang='lat' dir='ltr'><strong>praeter</strong></span> <span class='ocrx_word' id='word_1_14' title='bbox 1057 922 1268 989; x_wconf 80' lang='lat' dir='ltr'><strong>Phanorinum</strong></span> <span class='ocrx_word' id='word_1_15' title='bbox 1293 924 1326 989; x_wconf 93' lang='lat' dir='ltr'><strong>in</strong></span> 
     </span>
     <span class='ocr_line' id='line_1_4' title="bbox 191 1023 1098 1112; baseline 0.003 -24"><span class='ocrx_word' id='word_1_16' title='bbox 191 1023 440 1108; x_wconf 84' lang='lat' dir='ltr'><strong>mythologioam</strong></span> <span class='ocrx_word' id='word_1_17' title='bbox 463 1025 634 1111; x_wconf 88' lang='lat' dir='ltr'><strong>praecipue</strong></span> <span class='ocrx_word' id='word_1_18' title='bbox 656 1032 780 1110; x_wconf 90' lang='lat' dir='ltr'><strong>partem</strong></span> <span class='ocrx_word' id='word_1_19' title='bbox 802 1025 923 1112; x_wconf 84' lang='lat' dir='ltr'><strong>recepit</strong></span> <span class='ocrx_word' id='word_1_20' title='bbox 944 1025 1098 1093; x_wconf 83' lang='lat' dir='ltr'><strong>Endocia.</strong></span> 
     </span>
    </p>
   </div>
   <div class='ocr_carea' id='block_1_4' title="bbox 117 1231 1398 3493">
    <p class='ocr_par' dir='ltr' id='par_1_4' title="bbox 193 1231 1326 1423">
     <span class='ocr_line' id='line_1_5' title="bbox 277 1231 1326 1315; baseline 0.005 -20"><span class='ocrx_word' id='word_1_21' title='bbox 277 1231 294 1315; x_wconf 65' lang='grc' dir='ltr'><strong>ξ</strong></span> <span class='ocrx_word' id='word_1_22' title='bbox 324 1237 349 1295; x_wconf 94' lang='grc'><strong>1.</strong></span> <span class='ocrx_word' id='word_1_23' title='bbox 397 1231 525 1297; x_wconf 89' lang='lat' dir='ltr'><strong>Initium</strong></span> <span class='ocrx_word' id='word_1_24' title='bbox 559 1237 666 1298; x_wconf 84' lang='lat' dir='ltr'><strong>autem</strong></span> <span class='ocrx_word' id='word_1_25' title='bbox 700 1231 817 1299; x_wconf 78' lang='lat' dir='ltr'><strong>faciam</strong></span> <span class='ocrx_word' id='word_1_26' title='bbox 850 1254 870 1298; x_wconf 90' lang='lat' dir='ltr'><strong>a</strong></span> <span class='ocrx_word' id='word_1_27' title='bbox 902 1233 1040 1300; x_wconf 89' lang='lat' dir='ltr'>NONNI</span> <span class='ocrx_word' id='word_1_28' title='bbox 1069 1233 1252 1299; x_wconf 84' lang='lat' dir='ltr'><strong>ABBATIS</strong></span> <span class='ocrx_word' id='word_1_29' title='bbox 1285 1234 1326 1300; x_wconf 89' lang='lat' dir='ltr'><strong>in</strong></span> 
     </span>
     <span class='ocr_line' id='line_1_6' title="bbox 193 1333 1293 1423; baseline 0.005 -26"><span class='ocrx_word' id='word_1_30' title='bbox 193 1333 386 1417; x_wconf 82' lang='lat' dir='ltr'><strong>Gregorii</strong></span> <span class='ocrx_word' id='word_1_31' title='bbox 409 1335 670 1401; x_wconf 86' lang='lat' dir='ltr'><strong>Nazianzcni</strong></span> <span class='ocrx_word' id='word_1_32' title='bbox 693 1335 899 1403; x_wconf 87' lang='lat' dir='ltr'><strong>orationes</strong></span> <span class='ocrx_word' id='word_1_33' title='bbox 921 1338 1293 1423; x_wconf 78' lang='lat' dir='ltr'><strong>explicationibus.</strong></span> 
     </span>
    </p>

    <p class='ocr_par' dir='ltr' id='par_1_5' title="bbox 189 1432 1398 2665">
     <span class='ocr_line' id='line_1_7' title="bbox 277 1432 1398 1524; baseline 0.001 -21"><span class='ocrx_word' id='word_1_34' title='bbox 277 1463 290 1496; x_wconf 77' lang='lat' dir='ltr'><strong>o</strong></span> <span class='ocrx_word' id='word_1_35' title='bbox 298 1438 409 1504; x_wconf 84' lang='lat' dir='ltr'><strong>Editus</strong></span> <span class='ocrx_word' id='word_1_36' title='bbox 424 1439 457 1504; x_wconf 93' lang='lat' dir='ltr'><strong>in</strong></span> <span class='ocrx_word' id='word_1_37' title='bbox 473 1438 555 1505; x_wconf 85' lang='lat' dir='ltr'><strong>dnae</strong></span> <span class='ocrx_word' id='word_1_38' title='bbox 571 1439 604 1504; x_wconf 81' lang='lat' dir='ltr'><strong>S.</strong></span> <span class='ocrx_word' id='word_1_39' title='bbox 623 1438 771 1524; x_wconf 78' lang='lat' dir='ltr'><strong>Gregorii</strong></span> <span class='ocrx_word' id='word_1_40' title='bbox 785 1440 868 1507; x_wconf 83' lang='lat' dir='ltr'><strong>Nan.</strong></span> <span class='ocrx_word' id='word_1_41' title='bbox 885 1461 906 1506; x_wconf 89' lang='lat' dir='ltr'><strong>a</strong></span> <span class='ocrx_word' id='word_1_42' title='bbox 921 1440 1012 1506; x_wconf 88' lang='lat' dir='ltr'><strong>Rich.</strong></span> <span class='ocrx_word' id='word_1_43' title='bbox 1030 1441 1223 1508; x_wconf 86' lang='lat' dir='ltr'><strong>Montacutio</strong></span> <span class='ocrx_word' id='word_1_44' title='bbox 1242 1445 1323 1505; x_wconf 88' lang='grc'>1010</span> <span class='ocrx_word' id='word_1_45' title='bbox 1392 1432 1398 1444; x_wconf 84' lang='grc'><strong>’</strong></span> 
     </span>
     <span class='ocr_line' id='line_1_8' title="bbox 191 1541 1325 1610; baseline 0.003 -3"><span class='ocrx_word' id='word_1_46' title='bbox 191 1549 223 1607; x_wconf 87' lang='grc'><strong>11</strong></span> <span class='ocrx_word' id='word_1_47' title='bbox 244 1541 382 1608; x_wconf 86' lang='lat' dir='ltr'><strong>ineditos</strong></span> <span class='ocrx_word' id='word_1_48' title='bbox 405 1543 438 1608; x_wconf 93' lang='lat' dir='ltr'><strong>in</strong></span> <span class='ocrx_word' id='word_1_49' title='bbox 460 1544 578 1609; x_wconf 86' lang='lat' dir='ltr'><strong>multas</strong></span> <span class='ocrx_word' id='word_1_50' title='bbox 601 1543 683 1609; x_wconf 83' lang='lat' dir='ltr'><strong>alies</strong></span> <span class='ocrx_word' id='word_1_51' title='bbox 706 1543 852 1610; x_wconf 88' lang='lat' dir='ltr'><strong>eiusdem</strong></span> <span class='ocrx_word' id='word_1_52' title='bbox 875 1545 909 1609; x_wconf 86' lang='lat' dir='ltr'><strong>S.</strong></span> <span class='ocrx_word' id='word_1_53' title='bbox 927 1545 1032 1610; x_wconf 89' lang='lat' dir='ltr'><strong>Patris</strong></span> <span class='ocrx_word' id='word_1_54' title='bbox 1055 1545 1216 1610; x_wconf 86' lang='lat' dir='ltr'><strong>orationes</strong></span> <span class='ocrx_word' id='word_1_55' title='bbox 1239 1565 1325 1610; x_wconf 92' lang='lat' dir='ltr'><strong>ccm-</strong></span> 
     </span>
     <span class='ocr_line' id='line_1_9' title="bbox 192 1643 1323 1736; baseline 0.004 -26"><span class='ocrx_word' id='word_1_56' title='bbox 192 1646 363 1713; x_wconf 81' lang='lat' dir='ltr'><strong>mentarios</strong></span> <span class='ocrx_word' id='word_1_57' title='bbox 392 1647 462 1714; x_wconf 82' lang='lat' dir='ltr'><strong>sive</strong></span> <span class='ocrx_word' id='word_1_58' title='bbox 492 1643 690 1734; x_wconf 72' lang='grc' dir='ltr'><em>συναγωγὴν</em></span> <span class='ocrx_word' id='word_1_59' title='bbox 716 1648 773 1712; x_wconf 80' lang='grc' dir='ltr'><strong>καὶ</strong></span> <span class='ocrx_word' id='word_1_60' title='bbox 796 1646 951 1736; x_wconf 74' lang='grc' dir='ltr'><strong>ἐξήγησιν</strong></span> <span class='ocrx_word' id='word_1_61' title='bbox 974 1647 1129 1735; x_wconf 79' lang='grc' dir='ltr'><strong><em>ἱστοριῶν</em></strong></span> <span class='ocrx_word' id='word_1_62' title='bbox 1158 1648 1323 1714; x_wconf 80' lang='lat' dir='ltr'><strong>cniusdam</strong></span> 
     </span>
     <span class='ocr_line' id='line_1_10' title="bbox 192 1749 1324 1838; baseline 0.004 -24"><span class='ocrx_word' id='word_1_63' title='bbox 192 1749 338 1816; x_wconf 88' lang='lat' dir='ltr'><strong>monachi</strong></span> <span class='ocrx_word' id='word_1_64' title='bbox 360 1751 488 1816; x_wconf 70' lang='lat' dir='ltr'><strong>nonni«</strong></span> <span class='ocrx_word' id='word_1_65' title='bbox 518 1759 688 1837; x_wconf 92' lang='lat' dir='ltr'><strong>postquam</strong></span> <span class='ocrx_word' id='word_1_66' title='bbox 712 1751 866 1818; x_wconf 90' lang='lat' dir='ltr'><strong>Villoison</strong></span> <span class='ocrx_word' id='word_1_67' title='bbox 888 1774 921 1838; x_wconf 86' lang='lat' dir='ltr'><strong>p.</strong></span> <span class='ocrx_word' id='word_1_68' title='bbox 946 1753 977 1818; x_wconf 85' lang='lat' dir='ltr'>X</span> <span class='ocrx_word' id='word_1_69' title='bbox 998 1753 1032 1818; x_wconf 92' lang='grc'><strong>11</strong></span> <span class='ocrx_word' id='word_1_70' title='bbox 1055 1752 1193 1819; x_wconf 87' lang='lat' dir='ltr'><strong>fontibus</strong></span> <span class='ocrx_word' id='word_1_71' title='bbox 1216 1751 1324 1818; x_wconf 83' lang='lat' dir='ltr'><strong>Eudo-</strong></span> 
     </span>
     <span class='ocr_line' id='line_1_11' title="bbox 192 1853 1323 1942; baseline 0.002 -24"><span class='ocrx_word' id='word_1_72' title='bbox 192 1853 261 1919; x_wconf 90' lang='lat' dir='ltr'><strong>oiae</strong></span> <span class='ocrx_word' id='word_1_73' title='bbox 284 1855 479 1936; x_wconf 80' lang='lat' dir='ltr'><strong>numeravit,</strong></span> <span class='ocrx_word' id='word_1_74' title='bbox 513 1855 664 1920; x_wconf 87' lang='lat' dir='ltr'><strong>Nitzsche</strong></span> <span class='ocrx_word' id='word_1_75' title='bbox 686 1875 718 1941; x_wconf 93' lang='lat' dir='ltr'><strong>p.</strong></span> <span class='ocrx_word' id='word_1_76' title='bbox 741 1855 777 1918; x_wconf 77' lang='lat'><strong>21</strong></span> <span class='ocrx_word' id='word_1_77' title='bbox 797 1875 845 1940; x_wconf 92' lang='lat' dir='ltr'><strong>sq.</strong></span> <span class='ocrx_word' id='word_1_78' title='bbox 871 1876 941 1922; x_wconf 91' lang='lat' dir='ltr'><strong>cum</strong></span> <span class='ocrx_word' id='word_1_79' title='bbox 964 1856 1085 1942; x_wconf 85' lang='lat' dir='ltr'><strong>primus</strong></span> <span class='ocrx_word' id='word_1_80' title='bbox 1107 1877 1178 1923; x_wconf 89' lang='lat' dir='ltr'><strong>cam</strong></span> <span class='ocrx_word' id='word_1_81' title='bbox 1201 1855 1234 1920; x_wconf 95' lang='lat' dir='ltr'><strong>in</strong></span> <span class='ocrx_word' id='word_1_82' title='bbox 1256 1876 1323 1922; x_wconf 88' lang='lat' dir='ltr'><strong>reru</strong></span> 
     </span>
     <span class='ocr_line' id='line_1_12' title="bbox 191 1957 1324 2046; baseline 0.004 -25"><span class='ocrx_word' id='word_1_83' title='bbox 191 1957 340 2022; x_wconf 86' lang='lat' dir='ltr'><strong>subtilius</strong></span> <span class='ocrx_word' id='word_1_84' title='bbox 369 1957 529 2042; x_wconf 86' lang='lat' dir='ltr'><strong>inquirere</strong></span> <span class='ocrx_word' id='word_1_85' title='bbox 560 1959 737 2044; x_wconf 85' lang='lat' dir='ltr'><strong>coepisset,</strong></span> <span class='ocrx_word' id='word_1_86' title='bbox 770 1978 808 2025; x_wconf 90' lang='lat' dir='ltr'><strong>eo</strong></span> <span class='ocrx_word' id='word_1_87' title='bbox 837 1960 1000 2046; x_wconf 88' lang='lat' dir='ltr'><strong>pervenit,</strong></span> <span class='ocrx_word' id='word_1_88' title='bbox 1034 1965 1084 2042; x_wconf 91' lang='lat' dir='ltr'><strong>ut,</strong></span> <span class='ocrx_word' id='word_1_89' title='bbox 1117 1959 1201 2044; x_wconf 89' lang='lat' dir='ltr'><strong>qnod</strong></span> <span class='ocrx_word' id='word_1_90' title='bbox 1230 1960 1324 2026; x_wconf 88' lang='lat' dir='ltr'><strong>modo</strong></span> 
     </span>
     <span class='ocr_line' id='line_1_13' title="bbox 190 2059 1324 2148; baseline 0.003 -24"><span class='ocrx_word' id='word_1_91' title='bbox 190 2059 297 2125; x_wconf 89' lang='lat' dir='ltr'><strong>Nonni</strong></span> <span class='ocrx_word' id='word_1_92' title='bbox 320 2061 412 2127; x_wconf 86' lang='lat' dir='ltr'><strong>modo</strong></span> <span class='ocrx_word' id='word_1_93' title='bbox 434 2061 570 2128; x_wconf 86' lang='lat' dir='ltr'><strong>Gosmue</strong></span> <span class='ocrx_word' id='word_1_94' title='bbox 596 2062 640 2145; x_wconf 77' lang='lat' dir='ltr'><strong>{in</strong></span> <span class='ocrx_word' id='word_1_95' title='bbox 662 2063 804 2128; x_wconf 88' lang='lat' dir='ltr'><strong>carmina</strong></span> <span class='ocrx_word' id='word_1_96' title='bbox 827 2061 861 2128; x_wconf 90' lang='lat' dir='ltr'><strong>S.</strong></span> <span class='ocrx_word' id='word_1_97' title='bbox 887 2062 1043 2148; x_wconf 78' lang='lat' dir='ltr'><strong>Gregorii)</strong></span> <span class='ocrx_word' id='word_1_98' title='bbox 1070 2064 1169 2130; x_wconf 87' lang='lat' dir='ltr'><strong>verba</strong></span> <span class='ocrx_word' id='word_1_99' title='bbox 1197 2063 1231 2128; x_wconf 91' lang='lat' dir='ltr'><strong>in</strong></span> <span class='ocrx_word' id='word_1_100' title='bbox 1253 2063 1324 2128; x_wconf 86' lang='lat' dir='ltr'><strong>vlo-</strong></span> 
     </span>
     <span class='ocr_line' id='line_1_14' title="bbox 190 2162 1319 2252; baseline 0.004 -26"><span class='ocrx_word' id='word_1_101' title='bbox 190 2162 270 2228; x_wconf 92' lang='lat' dir='ltr'><strong>lario</strong></span> <span class='ocrx_word' id='word_1_102' title='bbox 292 2163 354 2230; x_wconf 88' lang='lat' dir='ltr'><strong>sibi</strong></span> <span class='ocrx_word' id='word_1_103' title='bbox 376 2165 557 2251; x_wconf 79' lang='lat' dir='ltr'><strong>repperisse</strong></span> <span class='ocrx_word' id='word_1_104' title='bbox 580 2163 758 2250; x_wconf 88' lang='lat' dir='ltr'><strong>videbatur,</strong></span> <span class='ocrx_word' id='word_1_105' title='bbox 786 2167 949 2252; x_wconf 87' lang='lat' dir='ltr'><strong>utriusque</strong></span> <span class='ocrx_word' id='word_1_106' title='bbox 972 2187 1080 2233; x_wconf 91' lang='lat' dir='ltr'><strong>eorum</strong></span> <span class='ocrx_word' id='word_1_107' title='bbox 1103 2167 1222 2233; x_wconf 86' lang='lat' dir='ltr'><strong>fontem</strong></span> <span class='ocrx_word' id='word_1_108' title='bbox 1244 2166 1267 2230; x_wconf 95' lang='grc'><strong>1.</strong></span> <span class='ocrx_word' id='word_1_109' title='bbox 1290 2187 1319 2232; x_wconf 85' lang='grc'><strong>1.</strong></span> 
     </span>
     <span class='ocr_line' id='line_1_15' title="bbox 191 2267 1322 2356; baseline 0.004 -26"><span class='ocrx_word' id='word_1_110' title='bbox 191 2273 299 2332; x_wconf 81' lang='lat' dir='ltr'><strong>vetera</strong></span> <span class='ocrx_word' id='word_1_111' title='bbox 321 2267 354 2332; x_wconf 91' lang='lat' dir='ltr'><strong>in</strong></span> <span class='ocrx_word' id='word_1_112' title='bbox 378 2267 567 2352; x_wconf 90' lang='lat' dir='ltr'><strong>Gregorinm</strong></span> <span class='ocrx_word' id='word_1_113' title='bbox 590 2269 714 2336; x_wconf 89' lang='lat' dir='ltr'><strong>scholia</strong></span> <span class='ocrx_word' id='word_1_114' title='bbox 737 2269 833 2336; x_wconf 87' lang='lat' dir='ltr'><strong>etiam</strong></span> <span class='ocrx_word' id='word_1_115' title='bbox 856 2272 897 2336; x_wconf 90' lang='lat' dir='ltr'><strong>ab</strong></span> <span class='ocrx_word' id='word_1_116' title='bbox 919 2270 1063 2338; x_wconf 83' lang='lat' dir='ltr'><strong>Eudocia</strong></span> <span class='ocrx_word' id='word_1_117' title='bbox 1084 2271 1228 2356; x_wconf 83' lang='lat' dir='ltr'><strong>excripta</strong></span> <span class='ocrx_word' id='word_1_118' title='bbox 1250 2289 1322 2334; x_wconf 87' lang='lat' dir='ltr'><strong>esse</strong></span> 
     </span>
     <span class='ocr_line' id='line_1_16' title="bbox 191 2371 1322 2460; baseline 0.002 -26"><span class='ocrx_word' id='word_1_119' title='bbox 191 2377 346 2436; x_wconf 86' lang='lat' dir='ltr'><strong>censeret.</strong></span> <span class='ocrx_word' id='word_1_120' title='bbox 393 2371 490 2438; x_wconf 85' lang='lat' dir='ltr'><strong>Suam</strong></span> <span class='ocrx_word' id='word_1_121' title='bbox 518 2372 595 2440; x_wconf 86' lang='lat' dir='ltr'><strong>lecit</strong></span> <span class='ocrx_word' id='word_1_122' title='bbox 615 2372 699 2439; x_wconf 90' lang='lat' dir='ltr'><strong>hano</strong></span> <span class='ocrx_word' id='word_1_123' title='bbox 721 2374 913 2441; x_wconf 87' lang='lat' dir='ltr'><strong>sententiam</strong></span> <span class='ocrx_word' id='word_1_124' title='bbox 935 2394 1081 2458; x_wconf 84' lang='lat' dir='ltr'><strong>novaque</strong></span> <span class='ocrx_word' id='word_1_125' title='bbox 1104 2373 1322 2460; x_wconf 86' lang='lat' dir='ltr'><strong>exemplorum</strong></span> 
     </span>
     <span class='ocr_line' id='line_1_17' title="bbox 190 2473 1322 2564; baseline 0.004 -27"><span class='ocrx_word' id='word_1_126' title='bbox 190 2473 283 2559; x_wconf 89' lang='lat' dir='ltr'><strong>copia</strong></span> <span class='ocrx_word' id='word_1_127' title='bbox 312 2477 517 2560; x_wconf 87' lang='lat' dir='ltr'><strong>comprobare</strong></span> <span class='ocrx_word' id='word_1_128' title='bbox 546 2485 679 2543; x_wconf 84' lang='lat' dir='ltr'><strong>conatur</strong></span> <span class='ocrx_word' id='word_1_129' title='bbox 706 2478 806 2544; x_wconf 84' lang='lat' dir='ltr'><strong>Flaoh</strong></span> <span class='ocrx_word' id='word_1_130' title='bbox 829 2501 862 2564; x_wconf 91' lang='lat' dir='ltr'><strong>p.</strong></span> <span class='ocrx_word' id='word_1_131' title='bbox 891 2483 950 2543; x_wconf 84' lang='grc'><strong>140</strong></span> <span class='ocrx_word' id='word_1_132' title='bbox 966 2497 1013 2563; x_wconf 90' lang='lat' dir='ltr'><strong>sq.</strong></span> <span class='ocrx_word' id='word_1_133' title='bbox 1068 2476 1146 2543; x_wconf 86' lang='lat' dir='ltr'><strong>Mihi</strong></span> <span class='ocrx_word' id='word_1_134' title='bbox 1176 2496 1232 2542; x_wconf 91' lang='lat' dir='ltr'><strong>cur</strong></span> <span class='ocrx_word' id='word_1_135' title='bbox 1259 2497 1322 2542; x_wconf 95' lang='lat' dir='ltr'><strong>non</strong></span> 
     </span>
     <span class='ocr_line' id='line_1_18' title="bbox 189 2578 727 2665; baseline 0.006 -23"><span class='ocrx_word' id='word_1_136' title='bbox 189 2578 395 2661; x_wconf 82' lang='lat' dir='ltr'><strong>persuaserit,</strong></span> <span class='ocrx_word' id='word_1_137' title='bbox 421 2579 645 2665; x_wconf 84' lang='lat' dir='ltr'><strong>exponendum</strong></span> <span class='ocrx_word' id='word_1_138' title='bbox 668 2589 727 2647; x_wconf 90' lang='lat' dir='ltr'><strong>est.</strong></span> 
     </span>
    </p>

    <p class='ocr_par' dir='ltr' id='par_1_6' title="bbox 117 2673 1323 3493">
     <span class='ocr_line' id='line_1_19' title="bbox 275 2673 1323 2770; baseline 0.002 -22"><span class='ocrx_word' id='word_1_139' title='bbox 275 2681 411 2750; x_wconf 89' lang='lat' dir='ltr'><strong>Gosmae</strong></span> <span class='ocrx_word' id='word_1_140' title='bbox 426 2684 709 2769; x_wconf 87' lang='lat' dir='ltr'><strong>Hierosolymitani</strong></span> <span class='ocrx_word' id='word_1_141' title='bbox 731 2685 976 2770; x_wconf 85' lang='lat' dir='ltr'><strong>explanationes</strong></span> <span class='ocrx_word' id='word_1_142' title='bbox 997 2673 1172 2750; x_wconf 83' lang='lat' dir='ltr'><strong>carminum</strong></span> <span class='ocrx_word' id='word_1_143' title='bbox 1188 2683 1222 2749; x_wconf 81' lang='lat' dir='ltr'><strong>S.</strong></span> <span class='ocrx_word' id='word_1_144' title='bbox 1242 2682 1323 2750; x_wconf 91' lang='lat' dir='ltr'><strong>Gre-</strong></span> 
     </span>
     <span class='ocr_line' id='line_1_20' title="bbox 189 2783 1323 2873; baseline 0.003 -24"><span class='ocrx_word' id='word_1_145' title='bbox 189 2783 272 2868; x_wconf 91' lang='lat' dir='ltr'><strong>gorii</strong></span> <span class='ocrx_word' id='word_1_146' title='bbox 294 2785 449 2853; x_wconf 88' lang='lat' dir='ltr'><strong>habemus</strong></span> <span class='ocrx_word' id='word_1_147' title='bbox 472 2787 575 2853; x_wconf 82' lang='lat' dir='ltr'><strong>editas</strong></span> <span class='ocrx_word' id='word_1_148' title='bbox 597 2786 631 2852; x_wconf 93' lang='lat' dir='ltr'><strong>in</strong></span> <span class='ocrx_word' id='word_1_149' title='bbox 649 2786 825 2873; x_wconf 85' lang='lat' dir='ltr'><strong>Spicilegio</strong></span> <span class='ocrx_word' id='word_1_150' title='bbox 847 2790 938 2854; x_wconf 92' lang='lat' dir='ltr'><strong>Rom.</strong></span> <span class='ocrx_word' id='word_1_151' title='bbox 956 2789 987 2854; x_wconf 90' lang='lat'><strong>11</strong></span> <span class='ocrx_word' id='word_1_152' title='bbox 1010 2789 1051 2854; x_wconf 89' lang='lat' dir='ltr'><strong>ab</strong></span> <span class='ocrx_word' id='word_1_153' title='bbox 1073 2787 1158 2872; x_wconf 88' lang='lat' dir='ltr'><strong>Aug.</strong></span> <span class='ocrx_word' id='word_1_154' title='bbox 1184 2787 1268 2853; x_wconf 88' lang='lat' dir='ltr'><strong>Maio</strong></span> <span class='ocrx_word' id='word_1_155' title='bbox 1291 2793 1323 2853; x_wconf 92' lang='lat' dir='ltr'><strong>et</strong></span> 
     </span>
     <span class='ocr_line' id='line_1_21' title="bbox 190 2888 1323 2977; baseline 0.002 -25"><span class='ocrx_word' id='word_1_156' title='bbox 190 2888 354 2973; x_wconf 87' lang='lat' dir='ltr'><strong>allignio</strong></span> <span class='ocrx_word' id='word_1_157' title='bbox 383 2889 416 2955; x_wconf 93' lang='grc'><strong>11</strong></span> <span class='ocrx_word' id='word_1_158' title='bbox 442 2891 559 2957; x_wconf 84' lang='lat' dir='ltr'><strong>Patrol.</strong></span> <span class='ocrx_word' id='word_1_159' title='bbox 586 2889 713 2956; x_wconf 85' lang='lat' dir='ltr'><strong>Graeca</strong></span> <span class='ocrx_word' id='word_1_160' title='bbox 734 2893 774 2957; x_wconf 81' lang='lat'><strong>38</strong></span> <span class='ocrx_word' id='word_1_161' title='bbox 798 2913 831 2977; x_wconf 94' lang='lat' dir='ltr'><strong>p.</strong></span> <span class='ocrx_word' id='word_1_162' title='bbox 851 2894 913 2958; x_wconf 87' lang='grc'><strong>339</strong></span> <span class='ocrx_word' id='word_1_163' title='bbox 928 2911 976 2976; x_wconf 90' lang='lat' dir='ltr'><strong>sq.</strong></span> <span class='ocrx_word' id='word_1_164' title='bbox 1024 2892 1105 2958; x_wconf 87' lang='lat' dir='ltr'><strong>Sunt</strong></span> <span class='ocrx_word' id='word_1_165' title='bbox 1133 2909 1173 2956; x_wconf 91' lang='lat' dir='ltr'><strong>ca</strong></span> <span class='ocrx_word' id='word_1_166' title='bbox 1201 2890 1323 2956; x_wconf 90' lang='lat' dir='ltr'><strong>scholia</strong></span> 
     </span>
     <span class='ocr_line' id='line_1_22' title="bbox 189 2993 1322 3078; baseline 0.004 -22"><span class='ocrx_word' id='word_1_167' title='bbox 189 2993 338 3058; x_wconf 86' lang='lat' dir='ltr'><strong>continua</strong></span> <span class='ocrx_word' id='word_1_168' title='bbox 360 2994 501 3059; x_wconf 87' lang='lat' dir='ltr'><strong>oratione</strong></span> <span class='ocrx_word' id='word_1_169' title='bbox 525 2993 645 3078; x_wconf 82' lang='lat' dir='ltr'><strong>scripta</strong></span> <span class='ocrx_word' id='word_1_170' title='bbox 666 3013 770 3077; x_wconf 89' lang='lat' dir='ltr'><strong>neque</strong></span> <span class='ocrx_word' id='word_1_171' title='bbox 793 2995 869 3060; x_wconf 89' lang='lat' dir='ltr'><strong>ullis</strong></span> <span class='ocrx_word' id='word_1_172' title='bbox 889 2993 1039 3060; x_wconf 87' lang='lat' dir='ltr'><strong>distincta</strong></span> <span class='ocrx_word' id='word_1_173' title='bbox 1054 2993 1252 3077; x_wconf 88' lang='lat' dir='ltr'><strong>singulomm</strong></span> <span class='ocrx_word' id='word_1_174' title='bbox 1267 3013 1322 3060; x_wconf 86' lang='lat' dir='ltr'><strong>ca-</strong></span> 
     </span>
     <span class='ocr_line' id='line_1_23' title="bbox 189 3095 1321 3182; baseline 0.003 -22"><span class='ocrx_word' id='word_1_175' title='bbox 189 3095 291 3178; x_wconf 91' lang='lat' dir='ltr'><strong>pitum</strong></span> <span class='ocrx_word' id='word_1_176' title='bbox 319 3095 434 3162; x_wconf 88' lang='lat' dir='ltr'><strong>titulis.</strong></span> <span class='ocrx_word' id='word_1_177' title='bbox 481 3096 598 3163; x_wconf 83' lang='lat' dir='ltr'><strong>Contra</strong></span> <span class='ocrx_word' id='word_1_178' title='bbox 628 3095 734 3162; x_wconf 88' lang='lat' dir='ltr'><strong>Nonni</strong></span> <span class='ocrx_word' id='word_1_179' title='bbox 762 3097 890 3164; x_wconf 87' lang='lat' dir='ltr'><strong>abbatis</strong></span> <span class='ocrx_word' id='word_1_180' title='bbox 919 3098 954 3163; x_wconf 92' lang='lat' dir='ltr'><strong>in</strong></span> <span class='ocrx_word' id='word_1_181' title='bbox 983 3104 1131 3182; x_wconf 72' lang='lat' dir='ltr'><strong>quatuor</strong></span> <span class='ocrx_word' id='word_1_182' title='bbox 1160 3096 1321 3163; x_wconf 88' lang='lat' dir='ltr'><strong>orationes</strong></span> 
     </span>
     <span class='ocr_line' id='line_1_24' title="bbox 190 3198 1322 3286; baseline 0.003 -23"><span class='ocrx_word' id='word_1_183' title='bbox 190 3198 223 3263; x_wconf 86' lang='lat' dir='ltr'><strong>S.</strong></span> <span class='ocrx_word' id='word_1_184' title='bbox 250 3199 397 3284; x_wconf 88' lang='lat' dir='ltr'><strong>Gregorii</strong></span> <span class='ocrx_word' id='word_1_185' title='bbox 419 3199 649 3286; x_wconf 81' lang='lat' dir='ltr'><strong>explicationes</strong></span> <span class='ocrx_word' id='word_1_186' title='bbox 672 3207 819 3268; x_wconf 84' lang='lat' dir='ltr'><strong>constant</strong></span> <span class='ocrx_word' id='word_1_187' title='bbox 840 3221 880 3268; x_wconf 85' lang='lat' dir='ltr'><strong>ex</strong></span> <span class='ocrx_word' id='word_1_188' title='bbox 902 3219 1020 3284; x_wconf 87' lang='lat' dir='ltr'><strong>magno</strong></span> <span class='ocrx_word' id='word_1_189' title='bbox 1042 3219 1173 3265; x_wconf 90' lang='lat' dir='ltr'><strong>numero</strong></span> <span class='ocrx_word' id='word_1_190' title='bbox 1195 3199 1322 3266; x_wconf 88' lang='lat' dir='ltr'><strong>brevio-</strong></span> 
     </span>
     <span class='ocr_line' id='line_1_25' title="bbox 117 3299 1321 3389; baseline 0.001 -23"><span class='ocrx_word' id='word_1_191' title='bbox 117 3299 128 3310; x_wconf 84' lang='lat'><em>&#39;</em></span> <span class='ocrx_word' id='word_1_192' title='bbox 189 3321 257 3367; x_wconf 94' lang='lat' dir='ltr'><strong>rum</strong></span> <span class='ocrx_word' id='word_1_193' title='bbox 280 3304 513 3387; x_wconf 89' lang='lat' dir='ltr'><strong>narrationum,</strong></span> <span class='ocrx_word' id='word_1_194' title='bbox 546 3323 678 3386; x_wconf 88' lang='lat' dir='ltr'><strong>quarum</strong></span> <span class='ocrx_word' id='word_1_195' title='bbox 709 3303 847 3386; x_wconf 88' lang='lat' dir='ltr'><strong>singulis</strong></span> <span class='ocrx_word' id='word_1_196' title='bbox 876 3301 973 3369; x_wconf 83' lang='lat' dir='ltr'><strong>index</strong></span> <span class='ocrx_word' id='word_1_197' title='bbox 999 3303 1130 3369; x_wconf 87' lang='lat' dir='ltr'><strong>additus</strong></span> <span class='ocrx_word' id='word_1_198' title='bbox 1152 3309 1202 3367; x_wconf 92' lang='grc'><strong>111</strong></span> <span class='ocrx_word' id='word_1_199' title='bbox 1222 3322 1321 3389; x_wconf 92' lang='lat' dir='ltr'><strong>pecu-</strong></span> 
     </span>
     <span class='ocr_line' id='line_1_26' title="bbox 188 3402 1321 3493; baseline 0.002 -25"><span class='ocrx_word' id='word_1_200' title='bbox 188 3405 289 3472; x_wconf 72' lang='lat' dir='ltr'><strong>liaris</strong></span> <span class='ocrx_word' id='word_1_201' title='bbox 329 3407 455 3474; x_wconf 82' lang='lat' dir='ltr'><strong>Titulus</strong></span> <span class='ocrx_word' id='word_1_202' title='bbox 478 3407 582 3473; x_wconf 87' lang='lat' dir='ltr'><strong>Nonni</strong></span> <span class='ocrx_word' id='word_1_203' title='bbox 606 3405 713 3492; x_wconf 79' lang='lat' dir='ltr'><strong>operis</strong></span> <span class='ocrx_word' id='word_1_204' title='bbox 735 3414 785 3472; x_wconf 80' lang='lat' dir='ltr'><strong>cst</strong></span> <span class='ocrx_word' id='word_1_205' title='bbox 807 3405 874 3472; x_wconf 84' lang='lat' dir='ltr'><strong>hic:</strong></span> <span class='ocrx_word' id='word_1_206' title='bbox 899 3402 1080 3493; x_wconf 66' lang='grc' dir='ltr'><strong>Συναγωγή</strong></span> <span class='ocrx_word' id='word_1_207' title='bbox 1097 3406 1153 3470; x_wconf 79' lang='grc' dir='ltr'><strong>καὶ</strong></span> <span class='ocrx_word' id='word_1_208' title='bbox 1170 3403 1321 3493; x_wconf 74' lang='grc' dir='ltr'><strong>ἐξήγησις</strong></span> 
     </span>
    </p>
   </div>
   <div class='ocr_carea' id='block_1_5' title="bbox 186 3609 1323 4112">
    <p class='ocr_par' dir='ltr' id='par_1_7' title="bbox 186 3609 1323 4112">
     <span class='ocr_line' id='line_1_27' title="bbox 189 3609 1321 3700; baseline 0 -24"><span class='ocrx_word' id='word_1_209' title='bbox 189 3610 225 3677; x_wconf 77' lang='grc' dir='ltr'><strong>ἒν</strong></span> <span class='ocrx_word' id='word_1_210' title='bbox 258 3619 304 3698; x_wconf 78' lang='grc' dir='ltr'><strong>τῷ</strong></span> <span class='ocrx_word' id='word_1_211' title='bbox 338 3613 386 3690; x_wconf 81' lang='grc' dir='ltr'><strong>εἰς</strong></span> <span class='ocrx_word' id='word_1_212' title='bbox 419 3609 479 3680; x_wconf 73' lang='grc' dir='ltr'><strong>τὸν</strong></span> <span class='ocrx_word' id='word_1_213' title='bbox 511 3618 618 3698; x_wconf 79' lang='grc' dir='ltr'><em>μέγαν</em></span> <span class='ocrx_word' id='word_1_214' title='bbox 647 3613 828 3679; x_wconf 80' lang='grc' dir='ltr'><em>Βασίλειον</em></span> <span class='ocrx_word' id='word_1_215' title='bbox 862 3611 1034 3700; x_wconf 77' lang='grc' dir='ltr'><strong><em>ἐπιταφίῳ</em></strong></span> <span class='ocrx_word' id='word_1_216' title='bbox 1068 3613 1167 3698; x_wconf 78' lang='grc' dir='ltr'><em>λόγῳ,</em></span> <span class='ocrx_word' id='word_1_217' title='bbox 1206 3611 1242 3679; x_wconf 77' lang='grc' dir='ltr'><strong>ἐν</strong></span> <span class='ocrx_word' id='word_1_218' title='bbox 1275 3618 1321 3698; x_wconf 76' lang='grc' dir='ltr'><strong>τῷ</strong></span> 
     </span>
     <span class='ocr_line' id='line_1_28' title="bbox 188 3709 1321 3804; baseline 0.003 -26"><span class='ocrx_word' id='word_1_219' title='bbox 188 3713 311 3801; x_wconf 80' lang='grc' dir='ltr'><em>πρώτῳ</em></span> <span class='ocrx_word' id='word_1_220' title='bbox 339 3717 396 3781; x_wconf 77' lang='lat' dir='ltr'><strong>aul</strong></span> <span class='ocrx_word' id='word_1_221' title='bbox 425 3717 569 3804; x_wconf 79' lang='grc' dir='ltr'><em>δευτέρῳ</em></span> <span class='ocrx_word' id='word_1_222' title='bbox 600 3717 810 3804; x_wconf 67' lang='grc' dir='ltr'><em>στηλευτικιῖ,</em></span> <span class='ocrx_word' id='word_1_223' title='bbox 828 3715 879 3783; x_wconf 77' lang='grc' dir='ltr'><strong>’ἐν</strong></span> <span class='ocrx_word' id='word_1_224' title='bbox 908 3723 954 3802; x_wconf 77' lang='grc' dir='ltr'><strong>τῷ</strong></span> <span class='ocrx_word' id='word_1_225' title='bbox 983 3715 1031 3792; x_wconf 83' lang='grc' dir='ltr'><strong>εἰς</strong></span> <span class='ocrx_word' id='word_1_226' title='bbox 1057 3713 1099 3780; x_wconf 84' lang='grc' dir='ltr'><strong>τὰ</strong></span> <span class='ocrx_word' id='word_1_227' title='bbox 1123 3709 1200 3801; x_wconf 79' lang='grc' dir='ltr'><strong>ἅγια</strong></span> <span class='ocrx_word' id='word_1_228' title='bbox 1225 3722 1321 3804; x_wconf 80' lang='grc' dir='ltr'><em>φῶτα</em></span> 
     </span>
     <span class='ocr_line' id='line_1_29' title="bbox 187 3814 1323 3905; baseline 0.003 -24"><span class='ocrx_word' id='word_1_229' title='bbox 187 3814 288 3903; x_wconf 74' lang='grc' dir='ltr'><em>λόγῳ.</em></span> <span class='ocrx_word' id='word_1_230' title='bbox 334 3819 454 3886; x_wconf 88' lang='lat' dir='ltr'><strong>Horum</strong></span> <span class='ocrx_word' id='word_1_231' title='bbox 477 3841 531 3902; x_wconf 84' lang='lat' dir='ltr'><strong>ea,</strong></span> <span class='ocrx_word' id='word_1_232' title='bbox 565 3839 648 3905; x_wconf 87' lang='lat' dir='ltr'><strong>qnae</strong></span> <span class='ocrx_word' id='word_1_233' title='bbox 679 3819 721 3886; x_wconf 90' lang='lat' dir='ltr'><strong>ad</strong></span> <span class='ocrx_word' id='word_1_234' title='bbox 743 3819 935 3888; x_wconf 87' lang='lat' dir='ltr'><strong>Steleuticas</strong></span> <span class='ocrx_word' id='word_1_235' title='bbox 965 3819 1046 3886; x_wconf 89' lang='lat' dir='ltr'><strong>duas</strong></span> <span class='ocrx_word' id='word_1_236' title='bbox 1074 3819 1198 3887; x_wconf 84' lang='lat' dir='ltr'><strong>sivein</strong></span> <span class='ocrx_word' id='word_1_237' title='bbox 1221 3819 1323 3886; x_wconf 89' lang='lat' dir='ltr'><strong>lulia-</strong></span> 
     </span>
     <span class='ocr_line' id='line_1_30' title="bbox 187 3922 1320 4010; baseline 0.002 -24"><span class='ocrx_word' id='word_1_238' title='bbox 187 3942 262 3987; x_wconf 93' lang='lat' dir='ltr'><strong>num</strong></span> <span class='ocrx_word' id='word_1_239' title='bbox 284 3922 462 3990; x_wconf 84' lang='lat' dir='ltr'><strong>invectivas</strong></span> <span class='ocrx_word' id='word_1_240' title='bbox 485 3931 646 4010; x_wconf 87' lang='lat' dir='ltr'><strong>spectant,</strong></span> <span class='ocrx_word' id='word_1_241' title='bbox 674 3923 793 3990; x_wconf 87' lang='lat' dir='ltr'><strong>dudum</strong></span> <span class='ocrx_word' id='word_1_242' title='bbox 817 3923 905 3990; x_wconf 88' lang='lat' dir='ltr'><strong>edita</strong></span> <span class='ocrx_word' id='word_1_243' title='bbox 927 3931 1001 3990; x_wconf 91' lang='lat' dir='ltr'><strong>sunt</strong></span> <span class='ocrx_word' id='word_1_244' title='bbox 1022 3943 1042 3988; x_wconf 86' lang='lat' dir='ltr'><strong>a</strong></span> <span class='ocrx_word' id='word_1_245' title='bbox 1064 3923 1102 3986; x_wconf 90' lang='lat' dir='ltr'><strong>R.</strong></span> <span class='ocrx_word' id='word_1_246' title='bbox 1128 3923 1320 3990; x_wconf 87' lang='lat' dir='ltr'><strong>Montacutio</strong></span> 
     </span>
     <span class='ocr_line' id='line_1_31' title="bbox 186 4025 1319 4112; baseline 0 -21"><span class='ocrx_word' id='word_1_247' title='bbox 186 4027 309 4092; x_wconf 83' lang='lat' dir='ltr'><strong>Etonae</strong></span> <span class='ocrx_word' id='word_1_248' title='bbox 336 4031 415 4092; x_wconf 89' lang='grc'>1610</span> <span class='ocrx_word' id='word_1_249' title='bbox 452 4028 493 4110; x_wconf 72' lang='lat' dir='ltr'><strong>[S.</strong></span> <span class='ocrx_word' id='word_1_250' title='bbox 522 4027 668 4112; x_wconf 88' lang='lat' dir='ltr'><strong>Gregorii</strong></span> <span class='ocrx_word' id='word_1_251' title='bbox 695 4027 728 4092; x_wconf 93' lang='lat' dir='ltr'><strong>in</strong></span> <span class='ocrx_word' id='word_1_252' title='bbox 750 4027 908 4092; x_wconf 89' lang='lat' dir='ltr'><strong>lulianum</strong></span> <span class='ocrx_word' id='word_1_253' title='bbox 935 4026 1115 4093; x_wconf 78' lang='lat' dir='ltr'><strong>invectivae</strong></span> <span class='ocrx_word' id='word_1_254' title='bbox 1142 4025 1225 4092; x_wconf 87' lang='lat' dir='ltr'><strong>duae</strong></span> <span class='ocrx_word' id='word_1_255' title='bbox 1249 4046 1319 4092; x_wconf 92' lang='lat' dir='ltr'><strong>cum</strong></span> 
     </span>
    </p>
   </div>
   <div class='ocr_carea' id='block_1_6' title="bbox 186 4129 1410 4216">
    <p class='ocr_par' dir='ltr' id='par_1_8' title="bbox 186 4129 1410 4216">
     <span class='ocr_line' id='line_1_32' title="bbox 186 4129 1410 4216; baseline 0 -20"><span class='ocrx_word' id='word_1_256' title='bbox 186 4129 323 4197; x_wconf 85' lang='lat' dir='ltr'><strong>Scholiis</strong></span> <span class='ocrx_word' id='word_1_257' title='bbox 339 4129 473 4196; x_wconf 87' lang='lat' dir='ltr'><strong>Graccis</strong></span> <span class='ocrx_word' id='word_1_258' title='bbox 490 4151 573 4197; x_wconf 89' lang='lat' dir='ltr'><strong>nuno</strong></span> <span class='ocrx_word' id='word_1_259' title='bbox 588 4130 724 4216; x_wconf 88' lang='lat' dir='ltr'><strong>primum</strong></span> <span class='ocrx_word' id='word_1_260' title='bbox 740 4130 860 4214; x_wconf 82' lang='lat' dir='ltr'><strong>editis),</strong></span> <span class='ocrx_word' id='word_1_261' title='bbox 879 4129 1017 4213; x_wconf 85' lang='lat' dir='ltr'><strong>indeque</strong></span> <span class='ocrx_word' id='word_1_262' title='bbox 1033 4130 1066 4195; x_wconf 92' lang='lat' dir='ltr'><strong>in</strong></span> <span class='ocrx_word' id='word_1_263' title='bbox 1082 4130 1199 4196; x_wconf 90' lang='lat' dir='ltr'><strong>Patrol.</strong></span> <span class='ocrx_word' id='word_1_264' title='bbox 1218 4129 1321 4196; x_wconf 85' lang='lat' dir='ltr'><strong>Grae·</strong></span> <span class='ocrx_word' id='word_1_265' title='bbox 1405 4167 1410 4176; x_wconf 93' lang='lat'>·</span> 
     </span>
    </p>
   </div>
   <div class='ocr_carea' id='block_1_7' title="bbox 185 4233 1321 4422">
    <p class='ocr_par' dir='ltr' id='par_1_9' title="bbox 185 4233 1321 4422">
     <span class='ocr_line' id='line_1_33' title="bbox 185 4233 1321 4320; baseline -0.001 -21"><span class='ocrx_word' id='word_1_266' title='bbox 185 4254 255 4299; x_wconf 89' lang='lat' dir='ltr'><strong>cam</strong></span> <span class='ocrx_word' id='word_1_267' title='bbox 278 4235 400 4320; x_wconf 88' lang='lat' dir='ltr'><strong>recepit</strong></span> <span class='ocrx_word' id='word_1_268' title='bbox 422 4234 529 4319; x_wconf 86' lang='lat' dir='ltr'><strong>Mignc</strong></span> <span class='ocrx_word' id='word_1_269' title='bbox 552 4235 614 4300; x_wconf 85' lang='lat' dir='ltr'><strong>vol.</strong></span> <span class='ocrx_word' id='word_1_270' title='bbox 642 4236 682 4298; x_wconf 87' lang='grc'><strong>30</strong></span> <span class='ocrx_word' id='word_1_271' title='bbox 706 4255 735 4318; x_wconf 93' lang='lat' dir='ltr'><strong>p.</strong></span> <span class='ocrx_word' id='word_1_272' title='bbox 757 4237 818 4300; x_wconf 83' lang='lat'><strong>985</strong></span> <span class='ocrx_word' id='word_1_273' title='bbox 835 4253 884 4318; x_wconf 90' lang='lat' dir='ltr'><strong>sq.</strong></span> <span class='ocrx_word' id='word_1_274' title='bbox 934 4235 981 4299; x_wconf 86' lang='lat' dir='ltr'><strong>Ex</strong></span> <span class='ocrx_word' id='word_1_275' title='bbox 1005 4233 1137 4316; x_wconf 86' lang='lat' dir='ltr'><strong>reliquis</strong></span> <span class='ocrx_word' id='word_1_276' title='bbox 1160 4254 1321 4300; x_wconf 90' lang='lat' dir='ltr'><strong>commen-</strong></span> 
     </span>
     <span class='ocr_line' id='line_1_34' title="bbox 185 4336 1320 4422; baseline 0.002 -20"><span class='ocrx_word' id='word_1_277' title='bbox 185 4337 276 4402; x_wconf 84' lang='lat' dir='ltr'><strong>tan‘is</strong></span> <span class='ocrx_word' id='word_1_278' title='bbox 304 4337 347 4422; x_wconf 79' lang='lat' dir='ltr'><strong>[in</strong></span> <span class='ocrx_word' id='word_1_279' title='bbox 369 4336 482 4403; x_wconf 90' lang='lat' dir='ltr'><strong>laudes</strong></span> <span class='ocrx_word' id='word_1_280' title='bbox 506 4337 619 4403; x_wconf 90' lang='lat' dir='ltr'><strong>Basilii</strong></span> <span class='ocrx_word' id='word_1_281' title='bbox 641 4339 750 4422; x_wconf 88' lang='lat' dir='ltr'><strong>Magni</strong></span> <span class='ocrx_word' id='word_1_282' title='bbox 773 4339 860 4404; x_wconf 89' lang='lat' dir='ltr'><strong>etin</strong></span> <span class='ocrx_word' id='word_1_283' title='bbox 883 4339 915 4402; x_wconf 87' lang='lat' dir='ltr'><strong>S.</strong></span> <span class='ocrx_word' id='word_1_284' title='bbox 942 4337 1072 4422; x_wconf 72' lang='lat' dir='ltr'><strong>lumina]</strong></span> <span class='ocrx_word' id='word_1_285' title='bbox 1106 4357 1210 4422; x_wconf 86' lang='lat' dir='ltr'><strong>pauca</strong></span> <span class='ocrx_word' id='word_1_286' title='bbox 1232 4337 1320 4404; x_wconf 81' lang='lat' dir='ltr'><strong>edita</strong></span> 
     </span>
    </p>
   </div>
   <div class='ocr_carea' id='block_1_8' title="bbox 0 0 1628 4928">
    <p class='ocr_par' dir='ltr' id='par_1_10' title="bbox 0 0 1628 4928">
     <span class='ocr_line' id='line_1_35' title="bbox 0 0 1628 4928; baseline 0 2"><span class='ocrx_word' id='word_1_287' title='bbox 0 0 1628 4928; x_wconf 95' lang='lat' dir='ltr'><strong> </strong></span> 
     </span>
    </p>
   </div>
  </div>
 </body>
</html>
