3258 4924
275 1287 281 1300 ¹
346 1275 395 1338 De
429 1277 606 1339 contionum
642 1273 871 1336 ordinarisrum
905 1274 989 1358 apud
1022 1273 1232 1337 Athenienses
1264 1274 1376 1336 dicbus

242 1389 395 1462 egerunt:

397 1497 423 1561 Ι.
455 1497 480 1560 Ι.
513 1497 671 1578 Scaliger:
707 1494 755 1558 De
786 1496 1006 1558 emendatione
1037 1507 1223 1580 temporum.
1274 1496 1375 1560 Poris.

503 1603 584 1663 1583
608 1600 691 1682 (Col.
714 1599 837 1662 Allobr.
862 1598 970 1682 1629).

397 1703 436 1766 D.
467 1705 634 1768 Pctorius:
668 1703 817 1767 Doctrina
848 1713 1035 1787 temporum.
1087 1704 1160 1767 Lot.
1194 1705 1292 1782 16273
1327 1703 1376 1764 ed.

500 1807 647 1870 Horduin
671 1806 818 1871 Veronae
845 1810 937 1870 1734.

399 1911 431 1976 S.
461 1911 601 1974 Potitus:
632 1911 681 1974 De
711 1933 793 1974 anuo
822 1911 929 1974 Attico
959 1911 1004 1990 (in
1035 1911 1183 1996 operibus
1214 1911 1281 1973 eius
1307 1911 1377 1971 mis·

501 2014 673 2094 cellaneis).
1272 2079 1277 2090 ,

398 2119 437 2182 (l.
468 2117 504 2182 ll.
539 2118 752 2182 Schoemnnn:
784 2117 832 2181 De
856 2119 989 2182 comitiis
1013 2119 1253 2181 Atheniensium
1277 2115 1377 2200 (Gry-

502 2221 611 2305 phisw.
640 2221 746 2300 1819).

349 2343 455 2426 Atque
487 2342 723 2406 Solroemnnnus
752 2363 822 2405 cum
848 2343 966 2426 optime
991 2342 1119 2404 meritus
1142 2342 1181 2404 sit
1205 2341 1243 2403 de
1270 2341 1378 2419 „statis

245 2445 441 2508 comitiorum
461 2444 590 2508 diebus“
609 2445 691 2529 (cop.
709 2443 759 2518 Ill
775 2445 988 2528 explorandis,
1004 2444 1086 2506 idem
1103 2453 1134 2506 ct
1152 2444 1250 2507 multa
1266 2444 1378 2506 vitiosa

245 2549 384 2632 protulit,
415 2549 489 2632 quia
519 2570 593 2612 usus
622 2556 669 2612 est
691 2549 779 2612 falsis
803 2549 864 2612 illis
887 2547 1091 2626 documentis,
1124 2569 1204 2632 quae
1229 2548 1377 2628 leguntur

245 2653 277 2714 in
300 2651 521 2716 Demosthenis
543 2654 683 2716 oratione
706 2653 746 2716 de
769 2674 893 2732 corono,
918 2661 950 2716 et
973 2673 1082 2716 verum
1107 2651 1291 2733 intellegere
1309 2658 1375 2712 tum

245 2755 395 2838 temporis
425 2775 486 2818 non
518 2757 628 2838 potuit,
661 2756 734 2838 quin
766 2755 904 2818 nondum
931 2756 1091 2839 prodierat
1114 2755 1203 2838 eopia
1226 2754 1281 2815 illa
1305 2755 1379 2815 titu-

245 2859 359 2934 lorum,
380 2879 460 2942 quae
484 2879 566 2922 nunc
590 2859 629 2920 ob
655 2858 760 2922 Ulrieo
784 2857 943 2922 Kochlcro
974 2859 1105 2922 collecto
1128 2867 1233 2922 exstat
1257 2859 1288 2920 in
1312 2878 1379 2919 cor-

246 2963 330 3044 poris
353 2963 590 3044 inscriptionum
615 2962 792 3024 Atticarum
817 2963 977 3025 volumine
1000 2963 1109 3026 cltero.
1162 2962 1284 3035 Quibus
1306 2961 1379 3022 sub-

245 3063 332 3128 sidiis
354 3065 521 3127 uberrimis
544 3087 617 3130 usos
641 3087 706 3129 rem
730 3064 833 3129 denuo
857 3065 1055 3128 tractandam
1078 3066 1210 3148 suscepi.
