<?xml version="1.0" encoding="UTF-8"?>
<!DOCTYPE html PUBLIC "-//W3C//DTD XHTML 1.0 Transitional//EN"
    "http://www.w3.org/TR/xhtml1/DTD/xhtml1-transitional.dtd">
<html xmlns="http://www.w3.org/1999/xhtml" xml:lang="en" lang="en">
 <head>
  <title>
</title>
<meta http-equiv="Content-Type" content="text/html;charset=utf-8" />
  <meta name='ocr-system' content='tesseract 3.04.00' />
  <meta name='ocr-capabilities' content='ocr_page ocr_carea ocr_par ocr_line ocrx_word'/>
</head>
<body>
  <div class='ocr_page' id='page_1' title='image "./dissertationesp02stragoog_0567.png"; bbox 0 0 3226 4932; ppageno 0'>
   <div class='ocr_carea' id='block_1_1' title="bbox 299 441 999 526">
    <p class='ocr_par' dir='ltr' id='par_1_1' title="bbox 299 441 999 526">
     <span class='ocr_line' id='line_1_1' title="bbox 299 441 999 526; baseline -0.003 -20"><span class='ocrx_word' id='word_1_1' title='bbox 299 447 340 508; x_wconf 81' lang='lat' dir='ltr'><strong>ro</strong></span> <span class='ocrx_word' id='word_1_2' title='bbox 734 479 778 490; x_wconf 93' lang='grc'>-</span> <span class='ocrx_word' id='word_1_3' title='bbox 825 441 909 526; x_wconf 79' lang='lat' dir='ltr'><strong>[aaa]</strong></span> <span class='ocrx_word' id='word_1_4' title='bbox 957 479 999 489; x_wconf 82' lang='lat'>-</span> 
     </span>
    </p>
   </div>
   <div class='ocr_carea' id='block_1_2' title="bbox 293 627 1442 2576">
    <p class='ocr_par' dir='ltr' id='par_1_2' title="bbox 298 627 1442 1234">
     <span class='ocr_line' id='line_1_2' title="bbox 299 627 1442 717; baseline -0.002 -19"><span class='ocrx_word' id='word_1_5' title='bbox 299 653 397 716; x_wconf 82' lang='lat' dir='ltr'><strong>quam</strong></span> <span class='ocrx_word' id='word_1_6' title='bbox 421 627 557 712; x_wconf 77' lang='grc' dir='ltr'><strong><em>αὔξεται</em></strong></span> <span class='ocrx_word' id='word_1_7' title='bbox 586 633 684 698; x_wconf 88' lang='lat' dir='ltr'><strong>verbo</strong></span> <span class='ocrx_word' id='word_1_8' title='bbox 706 632 983 717; x_wconf 81' lang='lat' dir='ltr'><strong>interpretamenti</strong></span> <span class='ocrx_word' id='word_1_9' title='bbox 1005 632 1076 698; x_wconf 92' lang='lat' dir='ltr'><strong>loco</strong></span> <span class='ocrx_word' id='word_1_10' title='bbox 1097 631 1244 697; x_wconf 86' lang='lat' dir='ltr'><strong>additum</strong></span> <span class='ocrx_word' id='word_1_11' title='bbox 1266 651 1338 697; x_wconf 89' lang='lat' dir='ltr'><strong>esse</strong></span> <span class='ocrx_word' id='word_1_12' title='bbox 1366 649 1442 696; x_wconf 92' lang='lat' dir='ltr'><strong>ver-</strong></span> 
     </span>
     <span class='ocr_line' id='line_1_3' title="bbox 300 731 1441 820; baseline -0.003 -19"><span class='ocrx_word' id='word_1_13' title='bbox 300 737 375 802; x_wconf 90' lang='lat' dir='ltr'><strong>bum</strong></span> <span class='ocrx_word' id='word_1_14' title='bbox 400 731 520 802; x_wconf 81' lang='grc' dir='ltr'><strong><em>ἀίσσει.</em></strong></span> <span class='ocrx_word' id='word_1_15' title='bbox 568 734 757 801; x_wconf 89' lang='lat' dir='ltr'><strong>Restituitur</strong></span> <span class='ocrx_word' id='word_1_16' title='bbox 785 742 892 802; x_wconf 89' lang='lat' dir='ltr'><strong>autem</strong></span> <span class='ocrx_word' id='word_1_17' title='bbox 919 743 1054 802; x_wconf 86' lang='lat' dir='ltr'><strong>metrum</strong></span> <span class='ocrx_word' id='word_1_18' title='bbox 1077 734 1216 820; x_wconf 86' lang='lat' dir='ltr'><strong>quinque</strong></span> <span class='ocrx_word' id='word_1_19' title='bbox 1238 733 1441 818; x_wconf 81' lang='lat' dir='ltr'><strong>stropharum</strong></span> 
     </span>
     <span class='ocr_line' id='line_1_4' title="bbox 300 833 1442 925; baseline -0.001 -22"><span class='ocrx_word' id='word_1_20' title='bbox 300 840 493 922; x_wconf 83' lang='lat' dir='ltr'><strong>reliquarum</strong></span> <span class='ocrx_word' id='word_1_21' title='bbox 517 839 550 904; x_wconf 93' lang='lat' dir='ltr'><strong>in</strong></span> <span class='ocrx_word' id='word_1_22' title='bbox 574 838 774 925; x_wconf 79' lang='lat' dir='ltr'><strong>antistropha</strong></span> <span class='ocrx_word' id='word_1_23' title='bbox 796 837 823 923; x_wconf 76' lang='grc' dir='ltr'><strong>μ’</strong></span> <span class='ocrx_word' id='word_1_24' title='bbox 850 833 961 904; x_wconf 77' lang='grc' dir='ltr'><strong><em>ἀίσσει</em></strong></span> <span class='ocrx_word' id='word_1_25' title='bbox 989 839 1087 906; x_wconf 92' lang='lat' dir='ltr'><strong>verho</strong></span> <span class='ocrx_word' id='word_1_26' title='bbox 1109 838 1144 903; x_wconf 92' lang='lat' dir='ltr'><strong>in</strong></span> <span class='ocrx_word' id='word_1_27' title='bbox 1166 845 1347 904; x_wconf 88' lang='lat' dir='ltr'><strong>contextum</strong></span> <span class='ocrx_word' id='word_1_28' title='bbox 1371 837 1442 903; x_wconf 90' lang='lat' dir='ltr'><strong>loco</strong></span> 
     </span>
     <span class='ocr_line' id='line_1_5' title="bbox 298 937 714 1027; baseline 0 -21"><span class='ocrx_word' id='word_1_29' title='bbox 298 943 388 1010; x_wconf 86' lang='lat' dir='ltr'><strong>verbi</strong></span> <span class='ocrx_word' id='word_1_30' title='bbox 412 937 549 1022; x_wconf 78' lang='grc' dir='ltr'><strong><em>αὔξεται</em></strong></span> <span class='ocrx_word' id='word_1_31' title='bbox 571 950 714 1027; x_wconf 83' lang='lat' dir='ltr'><strong>recepto:</strong></span> 
     </span>
     <span class='ocr_line' id='line_1_6' title="bbox 533 1043 1232 1098; baseline -0.003 -4"><span class='ocrx_word' id='word_1_32' title='bbox 533 1081 554 1094; x_wconf 92' lang='lat'><strong>..</strong></span> <span class='ocrx_word' id='word_1_33' title='bbox 572 1082 594 1092; x_wconf 94' lang='lat'><strong>..</strong></span> <span class='ocrx_word' id='word_1_34' title='bbox 612 1083 634 1092; x_wconf 92' lang='lat'>-</span> <span class='ocrx_word' id='word_1_35' title='bbox 651 1061 701 1093; x_wconf 62' lang='lat' dir='ltr'>w</span> <span class='ocrx_word' id='word_1_36' title='bbox 716 1063 1148 1094; x_wconf 63' lang='lat'>...........</span> <span class='ocrx_word' id='word_1_37' title='bbox 1165 1063 1192 1098; x_wconf 70' lang='lat' dir='ltr'><strong>u,</strong></span> <span class='ocrx_word' id='word_1_38' title='bbox 1207 1043 1232 1092; x_wconf 67' lang='grc' dir='ltr'>Ξ</span> 
     </span>
     <span class='ocr_line' id='line_1_7' title="bbox 342 1142 1437 1234; baseline -0.005 -21"><span class='ocrx_word' id='word_1_39' title='bbox 342 1145 454 1215; x_wconf 79' lang='grc' dir='ltr'><strong><em>ἀίσσει</em></strong></span> <span class='ocrx_word' id='word_1_40' title='bbox 476 1143 508 1215; x_wconf 77' lang='grc' dir='ltr'><strong>δ’</strong></span> <span class='ocrx_word' id='word_1_41' title='bbox 534 1144 647 1234; x_wconf 77' lang='grc' dir='ltr'><strong><em>ἀρετὰ,</em></strong></span> <span class='ocrx_word' id='word_1_42' title='bbox 675 1150 822 1234; x_wconf 81' lang='grc' dir='ltr'><em>χλωραῖς</em></span> <span class='ocrx_word' id='word_1_43' title='bbox 845 1147 977 1232; x_wconf 77' lang='grc' dir='ltr'><strong><em>ἐέρσαις</em></strong></span> <span class='ocrx_word' id='word_1_44' title='bbox 1000 1142 1044 1226; x_wconf 83' lang='grc' dir='ltr'><strong>ὡς</strong></span> <span class='ocrx_word' id='word_1_45' title='bbox 1067 1143 1123 1214; x_wconf 77' lang='grc' dir='ltr'><strong>ὅτι</strong></span> <span class='ocrx_word' id='word_1_46' title='bbox 1146 1147 1313 1234; x_wconf 78' lang='grc' dir='ltr'><strong><em>δένδρεον,</em></strong></span> <span class='ocrx_word' id='word_1_47' title='bbox 1340 1146 1437 1232; x_wconf 77' lang='grc' dir='ltr'><strong><em>αἴνῳ.</em></strong></span> 
     </span>
    </p>

    <p class='ocr_par' dir='ltr' id='par_1_3' title="bbox 297 1251 1441 2162">
     <span class='ocr_line' id='line_1_8' title="bbox 384 1251 1441 1338; baseline -0.002 -20"><span class='ocrx_word' id='word_1_48' title='bbox 384 1252 502 1318; x_wconf 83' lang='lat' dir='ltr'><strong>Vitium</strong></span> <span class='ocrx_word' id='word_1_49' title='bbox 525 1273 602 1319; x_wconf 90' lang='lat' dir='ltr'><strong>vero</strong></span> <span class='ocrx_word' id='word_1_50' title='bbox 625 1253 684 1320; x_wconf 91' lang='lat' dir='ltr'><strong>hoc</strong></span> <span class='ocrx_word' id='word_1_51' title='bbox 708 1254 802 1320; x_wconf 90' lang='lat' dir='ltr'><strong>modo</strong></span> <span class='ocrx_word' id='word_1_52' title='bbox 832 1260 1044 1338; x_wconf 89' lang='lat' dir='ltr'><strong>propagatum</strong></span> <span class='ocrx_word' id='word_1_53' title='bbox 1074 1271 1147 1320; x_wconf 87' lang='lat' dir='ltr'><strong>esse</strong></span> <span class='ocrx_word' id='word_1_54' title='bbox 1175 1251 1334 1319; x_wconf 89' lang='lat' dir='ltr'><strong>conicias:</strong></span> <span class='ocrx_word' id='word_1_55' title='bbox 1373 1251 1441 1336; x_wconf 89' lang='lat' dir='ltr'><strong>pri-</strong></span> 
     </span>
     <span class='ocr_line' id='line_1_9' title="bbox 299 1315 1438 1441; baseline -0.002 -21"><span class='ocrx_word' id='word_1_56' title='bbox 299 1377 384 1421; x_wconf 90' lang='lat' dir='ltr'><strong>mum</strong></span> <span class='ocrx_word' id='word_1_57' title='bbox 409 1350 546 1435; x_wconf 71' lang='grc' dir='ltr'><strong><em>αὔξεται</em></strong></span> <span class='ocrx_word' id='word_1_58' title='bbox 567 1356 696 1441; x_wconf 80' lang='lat' dir='ltr'><strong>irrepsit</strong></span> <span class='ocrx_word' id='word_1_59' title='bbox 718 1357 752 1421; x_wconf 94' lang='lat' dir='ltr'><strong>in</strong></span> <span class='ocrx_word' id='word_1_60' title='bbox 774 1315 880 1422; x_wconf 68' lang='lat' dir='ltr'><strong>lohum</strong></span> <span class='ocrx_word' id='word_1_61' title='bbox 904 1350 1015 1421; x_wconf 78' lang='grc' dir='ltr'><strong><em>ἀίσσει</em></strong></span> <span class='ocrx_word' id='word_1_62' title='bbox 1036 1356 1136 1438; x_wconf 84' lang='lat' dir='ltr'><strong>verbi,</strong></span> <span class='ocrx_word' id='word_1_63' title='bbox 1161 1363 1258 1440; x_wconf 80' lang='lat' dir='ltr'><strong>atquc</strong></span> <span class='ocrx_word' id='word_1_64' title='bbox 1272 1355 1319 1421; x_wconf 90' lang='lat' dir='ltr'><strong>ita</strong></span> <span class='ocrx_word' id='word_1_65' title='bbox 1333 1355 1438 1420; x_wconf 89' lang='lat' dir='ltr'><strong>locum</strong></span> 
     </span>
     <span class='ocr_line' id='line_1_10' title="bbox 297 1458 1440 1544; baseline -0.002 -20"><span class='ocrx_word' id='word_1_66' title='bbox 297 1459 417 1542; x_wconf 84' lang='lat' dir='ltr'>legisse</span> <span class='ocrx_word' id='word_1_67' title='bbox 447 1459 575 1524; x_wconf 85' lang='lat' dir='ltr'><strong>videtur</strong></span> <span class='ocrx_word' id='word_1_68' title='bbox 602 1459 752 1525; x_wconf 79' lang='lat' dir='ltr'>Clemens</span> <span class='ocrx_word' id='word_1_69' title='bbox 782 1459 1020 1525; x_wconf 84' lang='lat' dir='ltr'><strong>Alexandrinus</strong></span> <span class='ocrx_word' id='word_1_70' title='bbox 1049 1460 1181 1525; x_wconf 88' lang='lat' dir='ltr'><strong>saeculo</strong></span> <span class='ocrx_word' id='word_1_71' title='bbox 1210 1481 1243 1544; x_wconf 90' lang='lat' dir='ltr'><strong>p.</strong></span> <span class='ocrx_word' id='word_1_72' title='bbox 1276 1458 1311 1525; x_wconf 83' lang='lat'><strong>0.</strong></span> <span class='ocrx_word' id='word_1_73' title='bbox 1345 1458 1440 1523; x_wconf 86' lang='lat' dir='ltr'><strong>tertio</strong></span> 
     </span>
     <span class='ocr_line' id='line_1_11' title="bbox 298 1561 1439 1647; baseline 0 -22"><span class='ocrx_word' id='word_1_74' title='bbox 298 1562 349 1627; x_wconf 92' lang='lat' dir='ltr'><strong>vel</strong></span> <span class='ocrx_word' id='word_1_75' title='bbox 377 1563 405 1626; x_wconf 93' lang='lat' dir='ltr'><strong>is</strong></span> <span class='ocrx_word' id='word_1_76' title='bbox 435 1562 575 1628; x_wconf 88' lang='lat' dir='ltr'><strong>imitator</strong></span> <span class='ocrx_word' id='word_1_77' title='bbox 597 1561 727 1627; x_wconf 90' lang='lat' dir='ltr'><strong>Pindari</strong></span> <span class='ocrx_word' id='word_1_78' title='bbox 758 1583 852 1645; x_wconf 92' lang='lat' dir='ltr'><strong>quem</strong></span> <span class='ocrx_word' id='word_1_79' title='bbox 883 1563 1034 1629; x_wconf 79' lang='lat' dir='ltr'>Clemens</span> <span class='ocrx_word' id='word_1_80' title='bbox 1064 1562 1234 1647; x_wconf 76' lang='lat' dir='ltr'><strong>exscripsit</strong></span> <span class='ocrx_word' id='word_1_81' title='bbox 1267 1567 1351 1644; x_wconf 77' lang='lat' dir='ltr'><strong>(nam</strong></span> <span class='ocrx_word' id='word_1_82' title='bbox 1375 1581 1439 1626; x_wconf 92' lang='lat' dir='ltr'><strong>non</strong></span> 
     </span>
     <span class='ocr_line' id='line_1_12' title="bbox 297 1664 1439 1751; baseline 0 -23"><span class='ocrx_word' id='word_1_83' title='bbox 297 1665 469 1732; x_wconf 87' lang='lat' dir='ltr'><strong>verisimile</strong></span> <span class='ocrx_word' id='word_1_84' title='bbox 500 1674 549 1732; x_wconf 90' lang='lat' dir='ltr'><strong>est</strong></span> <span class='ocrx_word' id='word_1_85' title='bbox 579 1666 776 1732; x_wconf 84' lang='lat' dir='ltr'><strong>Clementem</strong></span> <span class='ocrx_word' id='word_1_86' title='bbox 805 1667 911 1751; x_wconf 90' lang='lat' dir='ltr'><strong>ipsum</strong></span> <span class='ocrx_word' id='word_1_87' title='bbox 942 1667 1061 1732; x_wconf 82' lang='lat' dir='ltr'><strong>formas</strong></span> <span class='ocrx_word' id='word_1_88' title='bbox 1092 1665 1217 1732; x_wconf 90' lang='lat' dir='ltr'><strong>doricas</strong></span> <span class='ocrx_word' id='word_1_89' title='bbox 1241 1673 1273 1731; x_wconf 88' lang='lat' dir='ltr'><strong>et</strong></span> <span class='ocrx_word' id='word_1_90' title='bbox 1294 1664 1439 1749; x_wconf 89' lang='lat' dir='ltr'><strong>poeticas</strong></span> 
     </span>
     <span class='ocr_line' id='line_1_13' title="bbox 298 1761 1439 1855; baseline 0.001 -23"><span class='ocrx_word' id='word_1_91' title='bbox 298 1761 335 1844; x_wconf 83' lang='grc' dir='ltr'><strong>ἁ,</strong></span> <span class='ocrx_word' id='word_1_92' title='bbox 364 1763 484 1855; x_wconf 79' lang='grc' dir='ltr'><strong><em>ἀρετά,</em></strong></span> <span class='ocrx_word' id='word_1_93' title='bbox 512 1765 755 1852; x_wconf 76' lang='grc' dir='ltr'><strong><em>ίνιαινεομένα,</em></strong></span> <span class='ocrx_word' id='word_1_94' title='bbox 792 1763 925 1848; x_wconf 81' lang='grc' dir='ltr'><em>ἀέξεται</em></span> <span class='ocrx_word' id='word_1_95' title='bbox 948 1769 1174 1854; x_wconf 74' lang='lat' dir='ltr'><strong>excogitasse).</strong></span> <span class='ocrx_word' id='word_1_96' title='bbox 1222 1770 1339 1834; x_wconf 82' lang='lat' dir='ltr'><strong>Postea</strong></span> <span class='ocrx_word' id='word_1_97' title='bbox 1361 1787 1439 1834; x_wconf 86' lang='lat' dir='ltr'><strong>vcro</strong></span> 
     </span>
     <span class='ocr_line' id='line_1_14' title="bbox 298 1867 1438 1939; baseline 0.003 -4"><span class='ocrx_word' id='word_1_98' title='bbox 298 1867 410 1937; x_wconf 74' lang='grc' dir='ltr'><strong><em>ἀίσσει</em></strong></span> <span class='ocrx_word' id='word_1_99' title='bbox 438 1893 478 1939; x_wconf 88' lang='lat' dir='ltr'><strong>ex</strong></span> <span class='ocrx_word' id='word_1_100' title='bbox 507 1872 692 1939; x_wconf 89' lang='lat' dir='ltr'><strong>melioribus</strong></span> <span class='ocrx_word' id='word_1_101' title='bbox 721 1872 812 1938; x_wconf 91' lang='lat' dir='ltr'><strong>libris</strong></span> <span class='ocrx_word' id='word_1_102' title='bbox 840 1873 1021 1938; x_wconf 91' lang='lat' dir='ltr'><strong>restitutum</strong></span> <span class='ocrx_word' id='word_1_103' title='bbox 1051 1873 1156 1939; x_wconf 90' lang='lat' dir='ltr'><strong>denuo</strong></span> <span class='ocrx_word' id='word_1_104' title='bbox 1186 1873 1361 1938; x_wconf 86' lang='lat' dir='ltr'><strong>intextum</strong></span> <span class='ocrx_word' id='word_1_105' title='bbox 1386 1891 1438 1938; x_wconf 89' lang='lat' dir='ltr'><strong>re-</strong></span> 
     </span>
     <span class='ocr_line' id='line_1_15' title="bbox 298 1969 1434 2061; baseline -0.004 -19"><span class='ocrx_word' id='word_1_106' title='bbox 298 1985 426 2060; x_wconf 88' lang='lat' dir='ltr'><strong>ceptum</strong></span> <span class='ocrx_word' id='word_1_107' title='bbox 449 1983 499 2042; x_wconf 90' lang='lat' dir='ltr'><strong>est</strong></span> <span class='ocrx_word' id='word_1_108' title='bbox 522 1995 581 2041; x_wconf 92' lang='lat' dir='ltr'><strong>nec</strong></span> <span class='ocrx_word' id='word_1_109' title='bbox 596 1982 703 2041; x_wconf 89' lang='lat' dir='ltr'><strong>tamen</strong></span> <span class='ocrx_word' id='word_1_110' title='bbox 719 1977 864 2061; x_wconf 85' lang='lat' dir='ltr'><strong>expulso,</strong></span> <span class='ocrx_word' id='word_1_111' title='bbox 891 1975 1009 2042; x_wconf 85' lang='lat' dir='ltr'><strong>utheri</strong></span> <span class='ocrx_word' id='word_1_112' title='bbox 1025 1975 1146 2056; x_wconf 83' lang='lat' dir='ltr'><strong>debuit,</strong></span> <span class='ocrx_word' id='word_1_113' title='bbox 1173 1969 1310 2054; x_wconf 74' lang='grc' dir='ltr'><strong><em>αὔξεται</em></strong></span> <span class='ocrx_word' id='word_1_114' title='bbox 1325 1975 1434 2039; x_wconf 86' lang='lat' dir='ltr'><strong>verbo.</strong></span> 
     </span>
     <span class='ocr_line' id='line_1_16' title="bbox 297 2076 697 2162; baseline -0.01 -17"><span class='ocrx_word' id='word_1_115' title='bbox 297 2079 353 2145; x_wconf 90' lang='lat' dir='ltr'><strong>sed</strong></span> <span class='ocrx_word' id='word_1_116' title='bbox 377 2079 518 2160; x_wconf 88' lang='lat' dir='ltr'><strong>genuino</strong></span> <span class='ocrx_word' id='word_1_117' title='bbox 542 2077 626 2162; x_wconf 81' lang='grc' dir='ltr'><strong><em>α’ίνῳ</em></strong></span> <span class='ocrx_word' id='word_1_118' title='bbox 651 2076 697 2143; x_wconf 76' lang='grc' dir='ltr'><strong>ἐν.</strong></span> 
     </span>
    </p>

    <p class='ocr_par' dir='ltr' id='par_1_4' title="bbox 293 2181 1438 2470">
     <span class='ocr_line' id='line_1_17' title="bbox 381 2181 1438 2266; baseline 0 -20"><span class='ocrx_word' id='word_1_119' title='bbox 381 2183 482 2247; x_wconf 85' lang='lat' dir='ltr'><strong>Metro</strong></span> <span class='ocrx_word' id='word_1_120' title='bbox 509 2182 605 2265; x_wconf 84' lang='lat' dir='ltr'><strong>igitur</strong></span> <span class='ocrx_word' id='word_1_121' title='bbox 634 2182 679 2247; x_wconf 89' lang='lat' dir='ltr'><strong>ita</strong></span> <span class='ocrx_word' id='word_1_122' title='bbox 704 2181 849 2247; x_wconf 85' lang='lat' dir='ltr'><strong>restituto</strong></span> <span class='ocrx_word' id='word_1_123' title='bbox 871 2181 1008 2266; x_wconf 91' lang='lat' dir='ltr'><strong>primum</strong></span> <span class='ocrx_word' id='word_1_124' title='bbox 1033 2182 1137 2248; x_wconf 91' lang='lat' dir='ltr'><strong>colum</strong></span> <span class='ocrx_word' id='word_1_125' title='bbox 1160 2201 1271 2248; x_wconf 83' lang='lat' dir='ltr'><strong>versus</strong></span> <span class='ocrx_word' id='word_1_126' title='bbox 1294 2191 1344 2248; x_wconf 90' lang='lat' dir='ltr'><strong>est</strong></span> <span class='ocrx_word' id='word_1_127' title='bbox 1367 2181 1438 2266; x_wconf 91' lang='lat' dir='ltr'><strong>epi-</strong></span> 
     </span>
     <span class='ocr_line' id='line_1_18' title="bbox 293 2283 1438 2370; baseline 0 -20"><span class='ocrx_word' id='word_1_128' title='bbox 293 2285 386 2350; x_wconf 87' lang='lat' dir='ltr'><strong>tritus</strong></span> <span class='ocrx_word' id='word_1_129' title='bbox 408 2285 617 2350; x_wconf 79' lang='lat' dir='ltr'><strong>catalecticus</strong></span> <span class='ocrx_word' id='word_1_130' title='bbox 639 2283 745 2369; x_wconf 88' lang='lat' dir='ltr'><strong>priore</strong></span> <span class='ocrx_word' id='word_1_131' title='bbox 767 2283 850 2368; x_wconf 89' lang='lat' dir='ltr'><strong>pede</strong></span> <span class='ocrx_word' id='word_1_132' title='bbox 870 2294 1075 2370; x_wconf 88' lang='lat' dir='ltr'><strong>syncopatus‚</strong></span> <span class='ocrx_word' id='word_1_133' title='bbox 1102 2284 1193 2350; x_wconf 89' lang='lat' dir='ltr'><strong>cuius</strong></span> <span class='ocrx_word' id='word_1_134' title='bbox 1208 2284 1271 2350; x_wconf 92' lang='lat' dir='ltr'><strong>coli</strong></span> <span class='ocrx_word' id='word_1_135' title='bbox 1286 2285 1438 2369; x_wconf 87' lang='lat' dir='ltr'><strong>exempla</strong></span> 
     </span>
     <span class='ocr_line' id='line_1_19' title="bbox 293 2387 857 2470; baseline -0.002 -18"><span class='ocrx_word' id='word_1_136' title='bbox 293 2389 326 2452; x_wconf 93' lang='lat' dir='ltr'><strong>in</strong></span> <span class='ocrx_word' id='word_1_137' title='bbox 350 2387 539 2470; x_wconf 83' lang='lat' dir='ltr'><strong>fragmentis</strong></span> <span class='ocrx_word' id='word_1_138' title='bbox 560 2387 709 2453; x_wconf 88' lang='lat' dir='ltr'><strong>videntur</strong></span> <span class='ocrx_word' id='word_1_139' title='bbox 732 2394 857 2453; x_wconf 86' lang='lat' dir='ltr'><strong>extare:</strong></span> 
     </span>
    </p>

    <p class='ocr_par' dir='ltr' id='par_1_5' title="bbox 498 2475 1268 2576">
     <span class='ocr_line' id='line_1_20' title="bbox 498 2475 1268 2576; baseline 0.005 -40"><span class='ocrx_word' id='word_1_140' title='bbox 498 2475 952 2544; x_wconf 48' lang='grc' dir='ltr'><strong>ιῖμζυυ--έυ-..ζ</strong></span> <span class='ocrx_word' id='word_1_141' title='bbox 969 2509 1123 2539; x_wconf 63' lang='grc' dir='ltr'><strong>υυυυυ</strong></span> <span class='ocrx_word' id='word_1_142' title='bbox 1140 2491 1268 2576; x_wconf 55' lang='grc' dir='ltr'><strong>μΞΑΗ</strong></span> 
     </span>
    </p>
   </div>
   <div class='ocr_carea' id='block_1_3' title="bbox 338 2587 1433 2680">
    <p class='ocr_par' dir='ltr' id='par_1_6' title="bbox 338 2587 1433 2680">
     <span class='ocr_line' id='line_1_21' title="bbox 338 2587 1433 2680; baseline -0.001 -23"><span class='ocrx_word' id='word_1_143' title='bbox 338 2588 449 2658; x_wconf 80' lang='grc' dir='ltr'><strong><em>ἀίσσει</em></strong></span> <span class='ocrx_word' id='word_1_144' title='bbox 472 2587 503 2657; x_wconf 74' lang='grc' dir='ltr'><strong>δ’</strong></span> <span class='ocrx_word' id='word_1_145' title='bbox 530 2587 643 2678; x_wconf 72' lang='grc' dir='ltr'><strong><em>ἁρετά,</em></strong></span> <span class='ocrx_word' id='word_1_146' title='bbox 670 2595 816 2678; x_wconf 82' lang='grc' dir='ltr'><em>χλωραῖς</em></span> <span class='ocrx_word' id='word_1_147' title='bbox 840 2593 972 2680; x_wconf 75' lang='grc' dir='ltr'><strong><em>ἐέρσαις</em></strong></span> <span class='ocrx_word' id='word_1_148' title='bbox 995 2589 1039 2672; x_wconf 80' lang='grc' dir='ltr'><strong>ὡς</strong></span> <span class='ocrx_word' id='word_1_149' title='bbox 1063 2588 1118 2659; x_wconf 77' lang='grc' dir='ltr'><strong>ὅτε</strong></span> <span class='ocrx_word' id='word_1_150' title='bbox 1142 2595 1308 2678; x_wconf 79' lang='grc' dir='ltr'><strong><em>δένδρεον,</em></strong></span> <span class='ocrx_word' id='word_1_151' title='bbox 1336 2595 1433 2678; x_wconf 79' lang='grc' dir='ltr'><strong><em>αἴνῳ.</em></strong></span> 
     </span>
    </p>
   </div>
   <div class='ocr_carea' id='block_1_4' title="bbox 276 2784 1437 4435">
    <p class='ocr_par' dir='ltr' id='par_1_7' title="bbox 824 2784 895 2867">
     <span class='ocr_line' id='line_1_22' title="bbox 824 2784 895 2867; baseline -0.014 -19"><span class='ocrx_word' id='word_1_152' title='bbox 824 2784 895 2867; x_wconf 64' lang='lat' dir='ltr'><strong>§a</strong></span> 
     </span>
    </p>

    <p class='ocr_par' dir='ltr' id='par_1_8' title="bbox 276 2901 1437 3504">
     <span class='ocr_line' id='line_1_23' title="bbox 276 2901 1437 2988; baseline 0.004 -24"><span class='ocrx_word' id='word_1_153' title='bbox 276 2959 278 2964; x_wconf 89' lang='lat'><em>.</em></span> <span class='ocrx_word' id='word_1_154' title='bbox 378 2901 499 2981; x_wconf 82' lang='lat' dir='ltr'><strong>Quodsi</strong></span> <span class='ocrx_word' id='word_1_155' title='bbox 530 2903 791 2988; x_wconf 87' lang='lat' dir='ltr'><strong>compositionem</strong></span> <span class='ocrx_word' id='word_1_156' title='bbox 826 2904 1017 2988; x_wconf 86' lang='lat' dir='ltr'><strong>strophicam</strong></span> <span class='ocrx_word' id='word_1_157' title='bbox 1048 2903 1178 2968; x_wconf 90' lang='lat' dir='ltr'><strong>Pindari</strong></span> <span class='ocrx_word' id='word_1_158' title='bbox 1212 2923 1437 2987; x_wconf 87' lang='lat' dir='ltr'><strong>comparamus</strong></span> 
     </span>
     <span class='ocr_line' id='line_1_24' title="bbox 292 3007 1437 3090; baseline 0.002 -19"><span class='ocrx_word' id='word_1_159' title='bbox 292 3027 363 3072; x_wconf 89' lang='lat' dir='ltr'><strong>cum</strong></span> <span class='ocrx_word' id='word_1_160' title='bbox 390 3027 448 3088; x_wconf 87' lang='lat' dir='ltr'><strong>ea,</strong></span> <span class='ocrx_word' id='word_1_161' title='bbox 480 3025 545 3089; x_wconf 87' lang='lat' dir='ltr'><strong>qua</strong></span> <span class='ocrx_word' id='word_1_162' title='bbox 573 3013 687 3090; x_wconf 91' lang='lat' dir='ltr'><strong>poetae</strong></span> <span class='ocrx_word' id='word_1_163' title='bbox 715 3007 853 3072; x_wconf 84' lang='lat' dir='ltr'><strong>scaenici</strong></span> <span class='ocrx_word' id='word_1_164' title='bbox 883 3013 1029 3088; x_wconf 89' lang='lat' dir='ltr'><strong>utuntur,</strong></span> <span class='ocrx_word' id='word_1_165' title='bbox 1064 3007 1202 3073; x_wconf 89' lang='lat' dir='ltr'><strong>scaenici</strong></span> <span class='ocrx_word' id='word_1_166' title='bbox 1232 3007 1362 3089; x_wconf 87' lang='lat' dir='ltr'><strong>quidem</strong></span> <span class='ocrx_word' id='word_1_167' title='bbox 1393 3009 1437 3074; x_wconf 87' lang='lat' dir='ltr'><strong>ah</strong></span> 
     </span>
     <span class='ocr_line' id='line_1_25' title="bbox 292 3109 1434 3196; baseline 0.002 -21"><span class='ocrx_word' id='word_1_168' title='bbox 292 3109 493 3194; x_wconf 86' lang='lat' dir='ltr'><strong>antistropha</strong></span> <span class='ocrx_word' id='word_1_169' title='bbox 522 3129 637 3174; x_wconf 86' lang='lat' dir='ltr'><strong>novam</strong></span> <span class='ocrx_word' id='word_1_170' title='bbox 667 3109 825 3194; x_wconf 90' lang='lat' dir='ltr'><strong>incipiunt</strong></span> <span class='ocrx_word' id='word_1_171' title='bbox 854 3110 1045 3176; x_wconf 89' lang='lat' dir='ltr'><strong>sententiam</strong></span> <span class='ocrx_word' id='word_1_172' title='bbox 1068 3118 1100 3176; x_wconf 92' lang='lat' dir='ltr'><strong>et</strong></span> <span class='ocrx_word' id='word_1_173' title='bbox 1122 3111 1309 3196; x_wconf 90' lang='lat' dir='ltr'><strong>plerumque</strong></span> <span class='ocrx_word' id='word_1_174' title='bbox 1332 3111 1434 3177; x_wconf 88' lang='lat' dir='ltr'><strong>etiam</strong></span> 
     </span>
     <span class='ocr_line' id='line_1_26' title="bbox 291 3211 1436 3297; baseline 0.003 -21"><span class='ocrx_word' id='word_1_175' title='bbox 291 3233 406 3276; x_wconf 86' lang='lat' dir='ltr'><strong>novam</strong></span> <span class='ocrx_word' id='word_1_176' title='bbox 435 3232 519 3292; x_wconf 87' lang='lat' dir='ltr'><strong>rem,</strong></span> <span class='ocrx_word' id='word_1_177' title='bbox 553 3211 711 3277; x_wconf 85' lang='lat' dir='ltr'><strong>Pindarus</strong></span> <span class='ocrx_word' id='word_1_178' title='bbox 741 3219 849 3278; x_wconf 91' lang='lat' dir='ltr'><strong>autem</strong></span> <span class='ocrx_word' id='word_1_179' title='bbox 877 3233 975 3297; x_wconf 87' lang='lat' dir='ltr'><strong>saepe</strong></span> <span class='ocrx_word' id='word_1_180' title='bbox 1005 3233 1045 3279; x_wconf 90' lang='lat' dir='ltr'><strong>ne</strong></span> <span class='ocrx_word' id='word_1_181' title='bbox 1076 3213 1274 3279; x_wconf 88' lang='lat' dir='ltr'><strong>enuntiatum</strong></span> <span class='ocrx_word' id='word_1_182' title='bbox 1302 3213 1436 3297; x_wconf 86' lang='lat' dir='ltr'><strong>quidem</strong></span> 
     </span>
     <span class='ocr_line' id='line_1_27' title="bbox 290 3315 1433 3400; baseline 0.002 -20"><span class='ocrx_word' id='word_1_183' title='bbox 290 3337 360 3380; x_wconf 92' lang='lat' dir='ltr'><strong>cum</strong></span> <span class='ocrx_word' id='word_1_184' title='bbox 384 3315 516 3400; x_wconf 89' lang='lat' dir='ltr'><strong>stropha</strong></span> <span class='ocrx_word' id='word_1_185' title='bbox 538 3315 688 3381; x_wconf 88' lang='lat' dir='ltr'><strong>absolvit.</strong></span> <span class='ocrx_word' id='word_1_186' title='bbox 732 3317 837 3398; x_wconf 85' lang='lat' dir='ltr'><strong>Atque</strong></span> <span class='ocrx_word' id='word_1_187' title='bbox 860 3315 987 3382; x_wconf 90' lang='lat' dir='ltr'><strong>videtur</strong></span> <span class='ocrx_word' id='word_1_188' title='bbox 1010 3317 1153 3382; x_wconf 89' lang='lat' dir='ltr'><strong>consulto</strong></span> <span class='ocrx_word' id='word_1_189' title='bbox 1176 3316 1236 3382; x_wconf 92' lang='lat' dir='ltr'><strong>hoc</strong></span> <span class='ocrx_word' id='word_1_190' title='bbox 1258 3316 1376 3384; x_wconf 82' lang='lat' dir='ltr'><strong>iecisse</strong></span> <span class='ocrx_word' id='word_1_191' title='bbox 1399 3319 1433 3382; x_wconf 93' lang='lat' dir='ltr'><strong>in</strong></span> 
     </span>
     <span class='ocr_line' id='line_1_28' title="bbox 290 3417 1096 3504; baseline 0 -21"><span class='ocrx_word' id='word_1_192' title='bbox 290 3420 378 3500; x_wconf 90' lang='lat' dir='ltr'><strong>loeis,</strong></span> <span class='ocrx_word' id='word_1_193' title='bbox 405 3417 509 3502; x_wconf 92' lang='lat' dir='ltr'><strong>qualis</strong></span> <span class='ocrx_word' id='word_1_194' title='bbox 532 3426 582 3484; x_wconf 89' lang='lat' dir='ltr'><strong>cet</strong></span> <span class='ocrx_word' id='word_1_195' title='bbox 604 3417 630 3484; x_wconf 88' lang='grc'><strong>0</strong></span> <span class='ocrx_word' id='word_1_196' title='bbox 654 3419 701 3483; x_wconf 94' lang='lat' dir='ltr'><strong>IlI</strong></span> <span class='ocrx_word' id='word_1_197' title='bbox 725 3425 755 3500; x_wconf 84' lang='lat'><strong>5,</strong></span> <span class='ocrx_word' id='word_1_198' title='bbox 782 3419 837 3484; x_wconf 92' lang='lat' dir='ltr'><strong>uhi</strong></span> <span class='ocrx_word' id='word_1_199' title='bbox 860 3420 991 3504; x_wconf 89' lang='lat' dir='ltr'><strong>stropha</strong></span> <span class='ocrx_word' id='word_1_200' title='bbox 1014 3419 1096 3485; x_wconf 86' lang='lat' dir='ltr'><strong>exit:</strong></span> 
     </span>
    </p>

    <p class='ocr_par' dir='ltr' id='par_1_9' title="bbox 288 3519 1172 3710">
     <span class='ocr_line' id='line_1_29' title="bbox 545 3519 1172 3608; baseline 0.002 -25"><span class='ocrx_word' id='word_1_201' title='bbox 545 3525 669 3605; x_wconf 81' lang='grc' dir='ltr'><strong><em>Δωρίῳ</em></strong></span> <span class='ocrx_word' id='word_1_202' title='bbox 694 3520 815 3608; x_wconf 79' lang='grc' dir='ltr'><strong><em>φωνὰν</em></strong></span> <span class='ocrx_word' id='word_1_203' title='bbox 839 3519 1022 3606; x_wconf 75' lang='grc' dir='ltr'><strong><em>ἐναρμόξαι</em></strong></span> <span class='ocrx_word' id='word_1_204' title='bbox 1045 3523 1172 3606; x_wconf 80' lang='grc' dir='ltr'><strong><em>πεδίλῳ</em></strong></span> 
     </span>
     <span class='ocr_line' id='line_1_30' title="bbox 288 3625 637 3710; baseline -0.003 -20"><span class='ocrx_word' id='word_1_205' title='bbox 288 3625 489 3710; x_wconf 88' lang='lat' dir='ltr'><strong>antistropha</strong></span> <span class='ocrx_word' id='word_1_206' title='bbox 512 3625 637 3709; x_wconf 90' lang='lat' dir='ltr'><strong>incipit:</strong></span> 
     </span>
    </p>

    <p class='ocr_par' dir='ltr' id='par_1_10' title="bbox 287 3722 1436 4209">
     <span class='ocr_line' id='line_1_31' title="bbox 523 3722 1192 3812; baseline 0.004 -20"><span class='ocrx_word' id='word_1_207' title='bbox 523 3722 754 3812; x_wconf 81' lang='grc' dir='ltr'><strong><em>ἀγλαόκωμον.</em></strong></span> <span class='ocrx_word' id='word_1_208' title='bbox 805 3727 880 3794; x_wconf 72' lang='grc' dir='ltr'><strong><em>ἐπεί</em></strong></span> <span class='ocrx_word' id='word_1_209' title='bbox 902 3734 1053 3812; x_wconf 86' lang='grc' dir='ltr'><strong><em>χαίταισι</em></strong></span> <span class='ocrx_word' id='word_1_210' title='bbox 1080 3781 1112 3792; x_wconf 93' lang='grc'><strong>..</strong></span> <span class='ocrx_word' id='word_1_211' title='bbox 1137 3779 1143 3790; x_wconf 91' lang='grc'><strong>.</strong></span> <span class='ocrx_word' id='word_1_212' title='bbox 1166 3779 1192 3808; x_wconf 78' lang='lat'><strong>.‚</strong></span> 
     </span>
     <span class='ocr_line' id='line_1_32' title="bbox 290 3826 1436 3919; baseline 0.001 -22"><span class='ocrx_word' id='word_1_213' title='bbox 290 3852 363 3897; x_wconf 89' lang='lat' dir='ltr'><strong>uam</strong></span> <span class='ocrx_word' id='word_1_214' title='bbox 393 3832 586 3898; x_wconf 88' lang='lat' dir='ltr'><strong>adiectivum</strong></span> <span class='ocrx_word' id='word_1_215' title='bbox 616 3826 838 3917; x_wconf 76' lang='grc' dir='ltr'><strong><em>ἀγλαόκωμον</em></strong></span> <span class='ocrx_word' id='word_1_216' title='bbox 868 3830 1055 3919; x_wconf 69' lang='lat' dir='ltr'><strong>adparatu</strong></span> <span class='ocrx_word' id='word_1_217' title='bbox 1084 3833 1319 3899; x_wconf 86' lang='lat' dir='ltr'><strong>substantivum</strong></span> <span class='ocrx_word' id='word_1_218' title='bbox 1348 3843 1436 3898; x_wconf 89' lang='lat' dir='ltr'><strong>tam-</strong></span> 
     </span>
     <span class='ocr_line' id='line_1_33' title="bbox 288 3935 1435 4021; baseline 0.003 -20"><span class='ocrx_word' id='word_1_219' title='bbox 288 3955 384 4018; x_wconf 89' lang='lat' dir='ltr'><strong>quam</strong></span> <span class='ocrx_word' id='word_1_220' title='bbox 408 3935 572 4021; x_wconf 90' lang='lat' dir='ltr'><strong>epitheton</strong></span> <span class='ocrx_word' id='word_1_221' title='bbox 597 3956 715 4002; x_wconf 90' lang='lat' dir='ltr'><strong>ornans</strong></span> <span class='ocrx_word' id='word_1_222' title='bbox 739 3936 883 4002; x_wconf 90' lang='lat' dir='ltr'><strong>additum</strong></span> <span class='ocrx_word' id='word_1_223' title='bbox 913 3937 1002 4002; x_wconf 92' lang='lat' dir='ltr'><strong>nullo</strong></span> <span class='ocrx_word' id='word_1_224' title='bbox 1031 3936 1210 4003; x_wconf 89' lang='lat' dir='ltr'><strong>sententiae</strong></span> <span class='ocrx_word' id='word_1_225' title='bbox 1240 3936 1435 4004; x_wconf 84' lang='lat' dir='ltr'><strong>detrimento</strong></span> 
     </span>
     <span class='ocr_line' id='line_1_34' title="bbox 288 4038 1436 4125; baseline 0.004 -22"><span class='ocrx_word' id='word_1_226' title='bbox 288 4039 390 4104; x_wconf 89' lang='lat' dir='ltr'><strong>omitti</strong></span> <span class='ocrx_word' id='word_1_227' title='bbox 407 4039 522 4124; x_wconf 87' lang='lat' dir='ltr'><strong>potuit,</strong></span> <span class='ocrx_word' id='word_1_228' title='bbox 546 4040 572 4104; x_wconf 90' lang='lat' dir='ltr'><strong>si</strong></span> <span class='ocrx_word' id='word_1_229' title='bbox 589 4038 623 4104; x_wconf 94' lang='lat' dir='ltr'><strong>id</strong></span> <span class='ocrx_word' id='word_1_230' title='bbox 639 4040 759 4124; x_wconf 83' lang='lat' dir='ltr'><strong>egisset</strong></span> <span class='ocrx_word' id='word_1_231' title='bbox 774 4041 942 4121; x_wconf 84' lang='lat' dir='ltr'><strong>Pindarus,</strong></span> <span class='ocrx_word' id='word_1_232' title='bbox 970 4048 1004 4106; x_wconf 89' lang='lat' dir='ltr'><strong>ut</strong></span> <span class='ocrx_word' id='word_1_233' title='bbox 1019 4039 1249 4125; x_wconf 87' lang='lat' dir='ltr'><strong>antistropham</strong></span> <span class='ocrx_word' id='word_1_234' title='bbox 1266 4040 1436 4108; x_wconf 88' lang='lat' dir='ltr'><strong>incoharet</strong></span> 
     </span>
     <span class='ocr_line' id='line_1_35' title="bbox 287 4142 609 4209; baseline -0.006 -1"><span class='ocrx_word' id='word_1_235' title='bbox 287 4167 306 4208; x_wconf 89' lang='lat' dir='ltr'><strong>a</strong></span> <span class='ocrx_word' id='word_1_236' title='bbox 329 4163 412 4209; x_wconf 88' lang='lat' dir='ltr'><strong>novo</strong></span> <span class='ocrx_word' id='word_1_237' title='bbox 435 4142 609 4208; x_wconf 87' lang='lat' dir='ltr'><strong>enuntiato.</strong></span> 
     </span>
    </p>

    <p class='ocr_par' dir='ltr' id='par_1_11' title="bbox 371 4245 1434 4331">
     <span class='ocr_line' id='line_1_36' title="bbox 371 4245 1434 4331; baseline 0.005 -22"><span class='ocrx_word' id='word_1_238' title='bbox 371 4247 446 4310; x_wconf 90' lang='lat' dir='ltr'><strong>Non</strong></span> <span class='ocrx_word' id='word_1_239' title='bbox 470 4245 571 4310; x_wconf 91' lang='lat' dir='ltr'><strong>solum</strong></span> <span class='ocrx_word' id='word_1_240' title='bbox 595 4255 703 4312; x_wconf 91' lang='lat' dir='ltr'><strong>autem</strong></span> <span class='ocrx_word' id='word_1_241' title='bbox 726 4247 759 4311; x_wconf 92' lang='lat' dir='ltr'><strong>in</strong></span> <span class='ocrx_word' id='word_1_242' title='bbox 786 4247 986 4331; x_wconf 89' lang='lat' dir='ltr'><strong>stropharum</strong></span> <span class='ocrx_word' id='word_1_243' title='bbox 1010 4246 1083 4331; x_wconf 86' lang='lat' dir='ltr'><strong>fine,</strong></span> <span class='ocrx_word' id='word_1_244' title='bbox 1111 4247 1286 4314; x_wconf 90' lang='lat' dir='ltr'><strong>sedetiam</strong></span> <span class='ocrx_word' id='word_1_245' title='bbox 1310 4249 1343 4313; x_wconf 93' lang='lat' dir='ltr'><strong>in</strong></span> <span class='ocrx_word' id='word_1_246' title='bbox 1360 4269 1434 4314; x_wconf 80' lang='lat' dir='ltr'><strong>ver-</strong></span> 
     </span>
    </p>

    <p class='ocr_par' dir='ltr' id='par_1_12' title="bbox 288 4347 1434 4435">
     <span class='ocr_line' id='line_1_37' title="bbox 288 4347 1434 4435; baseline 0.005 -23"><span class='ocrx_word' id='word_1_247' title='bbox 288 4369 380 4412; x_wconf 87' lang='lat' dir='ltr'><strong>suum</strong></span> <span class='ocrx_word' id='word_1_248' title='bbox 405 4348 468 4413; x_wconf 86' lang='lat' dir='ltr'><strong>fine</strong></span> <span class='ocrx_word' id='word_1_249' title='bbox 490 4347 647 4413; x_wconf 91' lang='lat' dir='ltr'><strong>Pindarus</strong></span> <span class='ocrx_word' id='word_1_250' title='bbox 670 4350 770 4415; x_wconf 91' lang='lat' dir='ltr'><strong>multo</strong></span> <span class='ocrx_word' id='word_1_251' title='bbox 793 4349 896 4414; x_wconf 90' lang='lat' dir='ltr'><strong>rarius</strong></span> <span class='ocrx_word' id='word_1_252' title='bbox 915 4350 1112 4435; x_wconf 81' lang='lat' dir='ltr'><strong>interpunxit</strong></span> <span class='ocrx_word' id='word_1_253' title='bbox 1133 4350 1309 4416; x_wconf 91' lang='lat' dir='ltr'><strong>orationem</strong></span> <span class='ocrx_word' id='word_1_254' title='bbox 1334 4371 1434 4432; x_wconf 87' lang='lat' dir='ltr'><strong>quam</strong></span> 
     </span>
    </p>
   </div>
   <div class='ocr_carea' id='block_1_5' title="bbox 0 0 1618 4932">
    <p class='ocr_par' dir='ltr' id='par_1_13' title="bbox 0 0 1618 4932">
     <span class='ocr_line' id='line_1_38' title="bbox 0 0 1618 4932; baseline 0 3"><span class='ocrx_word' id='word_1_255' title='bbox 0 0 1618 4932; x_wconf 95' lang='lat' dir='ltr'><strong> </strong></span> 
     </span>
    </p>
   </div>
  </div>
 </body>
</html>
