3244 4932
725 440 817 525 [163]
1297 449 1338 517 25

202 645 251 703 est
263 635 408 713 creticus,
421 633 511 699 cuius
524 633 623 699 thesis
635 633 736 719 prima
748 634 914 700 estaoluta
926 636 960 713 (c
980 673 1015 682 -
1036 675 1054 706 o
1073 674 1111 684 -
1134 637 1138 718 l
1157 680 1176 709 υ
1196 675 1233 686 -
1251 679 1270 712 „
1288 639 1336 726 ..l

204 745 445 827 Λῶυ-Ιυ
464 775 503 784 -
522 773 540 808 ο
562 737 616 821 -)
639 737 715 802 Eur.
739 738 860 804 Phoen.
887 742 1131 807 1748et1750

304 840 377 926 πρός
399 839 502 926 ἥλικας
525 838 643 927 φάνηθι
663 839 728 918 σάς.
753 842 757 923 l
782 839 848 920 ἅλις
864 840 1048 926 ὀδυρμάτων
1069 847 1161 926 ἐμῶν.

286 945 323 1012 οὐ
346 945 458 1032 δ’ἀμφὶ
479 945 612 1028 βωμίους
634 944 726 1024 λιτάς.
747 944 751 1029 l
770 944 858 1029 κόρον
880 945 983 1030 iyovo'
1006 950 1090 1028 ἐμῶν
1113 955 1222 1028 κακοῖν,

201 1075 273 1118 curu
298 1051 424 1117 duobus
453 1051 598 1115 diiambis
627 1058 659 1116 et
689 1052 806 1117 cretico
836 1073 915 1137 puro
945 1050 1036 1136 (rw
1054 1092 1072 1124 υ
1091 1090 1128 1100 -
1151 1055 1217 1135 ls-
1235 1091 1252 1126 ο
1272 1053 1335 1138 -Ι

204 1171 322 1242 Λωο
341 1143 380 1203 -’
400 1164 405 1230 l
424 1196 443 1228 υ
463 1189 500 1200 -
518 1195 536 1226 ο
554 1155 610 1237 μ)
633 1156 749 1221 Aesch.
775 1155 885 1242 Suppl.
911 1157 1065 1222 78οτ787

406 1256 501 1342 μέλας
523 1259 664 1342 γενοίμαν
687 1256 797 1336 καπνὸς
817 1260 821 1340 Ι
841 1257 942 1344 νέφεσι
964 1267 1109 1342 γειτονῶν
1132 1260 1213 1339 Διός.

325 1369 389 1428 ant.
413 1360 535 1443 θέλοιμι
558 1359 626 1426 δ’ἇν
647 1361 799 1444 μορσίμου
818 1360 823 1443 l
842 1361 961 1445 προπρό
983 1371 1086 1447 τυχεῖν
1108 1367 1140 1430 ἐν
1162 1364 1313 1448 ἀρτάναις.

303 1466 495 1532 Trimetrum
519 1466 678 1545 creticum,
705 1466 823 1551 inquo
853 1466 938 1530 tertii
969 1467 1074 1532 cretici
1105 1467 1204 1534 thesis
1232 1469 1336 1554 prima

201 1578 250 1637 cst
272 1571 377 1637 soluta
401 1569 458 1655 (ι-
476 1610 495 1644 u
513 1609 554 1620 -
574 1571 579 1653 Ι
601 1598 734 1642 uo-
755 1577 759 1647 Ι
782 1584 809 1655 Λ
831 1581 901 1644 ων
922 1570 986 1654 -),
1010 1571 1109 1638 habes
1126 1595 1154 1640 a.
1170 1594 1200 1658 g.
1216 1572 1333 1638 Aesch.

200 1677 310 1765 Suppl
334 1679 397 1742 423

489 1778 566 1863 μηδ’
588 1777 657 1868 ἴδῃς
678 1780 745 1860 μ’ἒξ
767 1777 858 1862 ἑδρᾶν
880 1779 1051 1845 πολυθέων.

302 1882 496 1950 Coniectura
518 1890 628 1950 nostra
652 1889 685 1950 et
706 1884 737 1948 in
761 1883 916 1959 versibus,
941 1883 980 1948 de
1004 1884 1118 1970 quibus
1140 1905 1238 1969 supra
1253 1883 1334 1950 dixi·

199 2012 278 2070 mus,
302 1996 333 2056 et
355 1991 387 2054 in
411 1990 557 2055 omnibus
579 1988 724 2054 versibus
746 1988 898 2070 iambicis,
925 1989 1094 2074 inquibus
1123 1987 1221 2054 thesis
1250 2011 1333 2075 quae

198 2097 343 2183 sequitur
366 2095 448 2159 arsin
479 2076 682 2180 suppressam
710 2099 758 2158 est
781 2095 896 2174 soluta,
921 2093 1058 2158 voluisse
1086 2099 1199 2178 poetas
1229 2113 1331 2158 vacuo

197 2208 341 2286 tempore
364 2199 505 2284 rhythmi
527 2198 632 2283 legem
655 2198 832 2276 restituere,
862 2197 1006 2263 firmatur
1029 2221 1077 2280 eo,
1102 2196 1186 2283 quod
1211 2197 1332 2284 ubique

199 2305 339 2388 διαίρεσις
363 2304 500 2368 occurrit
522 2323 560 2366 eo
584 2303 666 2384 loco,
683 2324 747 2388 quo
771 2311 896 2387 tempus
919 2323 1054 2367 vacuum
1076 2301 1168 2368 nobis
1190 2307 1332 2367 statuen-

198 2411 274 2473 dum
297 2415 356 2474 est.
396 2407 479 2472 Nam
501 2416 627 2492 tempus
651 2427 787 2471 vacuum
810 2406 908 2472 statui
932 2427 996 2472 non
1019 2427 1114 2493 posse
1128 2406 1187 2472 uisi
1202 2407 1234 2470 in
1259 2427 1332 2471 con·

196 2513 271 2578 linio
295 2512 430 2578 duorum
454 2509 683 2577 vocabulorum
706 2512 757 2576 vel
780 2517 853 2594 post
881 2511 970 2577 verbi
1001 2511 1167 2596 compositi
1194 2512 1331 2596 priorem

197 2621 321 2704 partem
344 2618 428 2680 inter
450 2637 560 2682 omues
583 2621 719 2681 constat.

301 2719 383 2784 Cum
414 2740 478 2784 uon
511 2721 553 2784 sit
582 2720 753 2785 verisimile
782 2725 894 2806 poetas
926 2718 1033 2786 dedita
1065 2739 1162 2802 opera
1193 2717 1331 2783 voluisse

197 2824 325 2890 theseos
349 2823 507 2889 solutione
530 2824 670 2890 iudicare
693 2845 728 2889 se
758 2824 839 2888 hanc
869 2845 1030 2909 syncopae
1058 2823 1212 2888 rationem
1241 2821 1330 2888 adhi-

196 2928 312 3010 buisse,
336 2949 391 2993 eos
415 2929 509 2992 etiam
533 2929 565 2992 in
588 2929 656 2992 aliis
679 2927 823 2994 versibus
846 2927 988 2992 iambicis
1004 2927 1186 3014 syncopatis
1202 2948 1240 2992 ea
1255 2947 1330 2992 usos
1393 2913 1396 2922 ’

196 3055 267 3099 esse
298 3032 524 3097 contenderim.
571 3031 694 3106 Quibus
724 3053 801 3098 vero
831 3033 909 3098 locis
940 3032 1002 3097 hoc
1035 3052 1196 3116 syncopae
1228 3051 1330 3117 genus

195 3137 405 3222 praetulerint
428 3136 552 3217 tritiori,
575 3135 646 3201 ideo
671 3157 734 3201 non
758 3142 846 3202 certo
869 3144 979 3222 potest
993 3136 1101 3217 statui,
1121 3135 1206 3220 quod
1222 3135 1329 3201 nullae

195 3241 344 3326 strophae
368 3245 538 3305 occurrunt
561 3263 602 3306 ex
624 3240 699 3304 solis
723 3239 866 3306 versibus
883 3241 978 3306 huius
997 3242 1122 3326 generis
1139 3246 1329 3320 constantes,

194 3344 250 3410 sed
273 3345 447 3409 intermixti
470 3345 620 3430 leguntur
643 3343 674 3407 hi
698 3366 809 3410 versus
832 3345 879 3426 iis,
909 3345 1024 3430 quibus
1044 3345 1147 3410 altera
1167 3363 1328 3430 syncopae

192 3447 317 3513 ratione
339 3448 418 3512 arsis
442 3469 613 3534 suppressa
635 3455 684 3514 est
703 3455 919 3534 compensate,
936 3455 969 3514 et
985 3448 1070 3535 quod
1086 3449 1182 3514 etiam
1195 3468 1328 3532 respon·

192 3551 317 3616 sionem
332 3571 481 3616 versuum
501 3551 625 3618 diverso
643 3573 761 3637 genere
772 3573 932 3638 syncopae
944 3553 1115 3638 insignium
1132 3551 1329 3617 admiserunt

194 3659 319 3739 poetae.
364 3653 437 3720 Hoc
460 3677 536 3721 vcro
561 3664 647 3721 certo
672 3663 780 3741 potest
805 3657 914 3739 statui,
937 3657 997 3722 hac
1017 3657 1140 3722 ratione
1160 3676 1225 3722 nou
1252 3677 1327 3723 usos

193 3780 262 3824 esse
281 3764 394 3844 poetas
409 3760 441 3824 in
463 3760 500 3824 iis
523 3761 676 3842 versibus,
699 3760 730 3824 in
747 3761 861 3846 quibus
877 3761 992 3840 theses,
1015 3761 1098 3826 inter
1114 3781 1193 3848 quas
1209 3759 1327 3826 excidit

192 3862 280 3944 arsis,
303 3863 385 3928 intra
408 3863 549 3930 eiusdem
572 3863 720 3929 vocabuli
743 3885 859 3951 corpus
880 3866 1040 3951 leguntur.

295 3966 466 4052 Reliquum
491 3973 548 4051 est,
572 3974 607 4032 ut
629 3968 843 4054 descriptione
866 3970 1027 4056 strophae,
1051 3971 1082 4034 in
1105 3991 1168 4054 qua
1190 3971 1235 4034 ita
1256 3993 1326 4056 per·

191 4070 308 4136 mixtos
331 4091 401 4136 esse
423 4091 533 4136 versus
557 4073 708 4138 iambicus
734 4082 765 4140 et
786 4074 965 4140 trochaicus
994 4082 1109 4158 putant
1138 4075 1197 4138 viri
1228 4073 1324 4155 docti,

192 4179 313 4239 utnon
335 4175 466 4260 stropha
488 4175 632 4252 iambica,
655 4178 711 4242 sed
734 4179 1046 4245 iambico-trochaica
1060 4181 1101 4246 sit
1122 4183 1324 4266 nominanda,

190 4277 394 4360 illustremus,
407 4299 502 4364 quam
513 4280 647 4366 simplex
660 4282 724 4347 iam
736 4283 791 4347 fiat
803 4283 915 4348 harum
927 4285 1129 4369 stropharum
1142 4287 1323 4374 explicatio,

192 4401 264 4447 cum
287 4382 325 4447 ab
349 4381 437 4448 initio
461 4384 624 4474 usquead
649 4385 742 4455 finem
766 4386 841 4454 solis
864 4387 1032 4458 decurrant
1054 4389 1175 4458 iambis.
