3238 4930
720 425 812 512 [irs]
1293 437 1328 497 ιι

198 623 276 690 Eur.
299 621 397 686 Here.
421 623 480 684 921
515 617 619 702 [llys]
652 617 729 701 λέγε,
759 620 825 683 τένιι
858 617 970 702 τρόπον
989 623 994 703 Ι
1015 621 1120 703 (ἔσυτο
1145 619 1261 688 θεόθεν
1286 627 1335 690 ἐπὶ

606 721 850 804 petraepontem?
873 720 946 789 τάδε

507 825 652 908 stepanus}
671 829 676 910 Ι
696 853 729 892 τι
753 829 867 892 παίδων
891 825 977 913 τύχαι
985 829 1021 914 ;),

194 937 249 1002 ubi
272 933 340 1018 λέγε
361 933 503 1000 Dindori
523 932 563 998 ad
588 931 785 1016 explendum
808 931 989 998 doohmium
1011 935 1170 1020 repetivit.

298 1037 362 1105 Sed
384 1044 521 1123 possunt
546 1037 727 1102 etiamalio
752 1036 848 1102 modo
871 1058 981 1103 versus
1008 1039 1039 1104 in
1068 1048 1206 1106 metrum
1237 1039 1334 1106 doeh·

196 1145 333 1210 missurn
348 1143 463 1228 redigi.
494 1142 574 1207 Cum
591 1140 794 1225 exploratum
817 1141 858 1208 sit
880 1137 1084 1227 stropharum
1106 1143 1202 1210 huius
1220 1145 1334 1210 eontioi

194 1251 299 1316 laeera
322 1269 392 1314 esse
416 1247 582 1327 membra,¹
602 1246 706 1333 possis
730 1247 826 1311 etism
842 1255 957 1331 putere
980 1247 1088 1332 plures
1104 1248 1242 1334 syllabus
1259 1257 1334 1316 ante

197 1351 261 1436 λέγε
292 1351 488 1418 intercidisse
519 1353 579 1432 ite,
608 1357 644 1416 ut
672 1351 774 1435 prima
804 1351 899 1416 huius
929 1352 1016 1416 noeis
1047 1351 1171 1436 syllaba
1200 1375 1264 1418 non
1291 1354 1333 1420 sit

193 1457 324 1524 theseos
347 1457 467 1543 primae
489 1456 615 1522 solutae
638 1455 741 1520 brevis
766 1454 876 1524 altera,
900 1455 955 1520 sed
972 1456 1050 1520 ersis
1066 1455 1207 1520 secunde
1223 1476 1333 1522 versus

194 1561 380 1627 doehmisei.
426 1559 578 1626 Fortasse
602 1558 790 1624 exciderunt
813 1558 922 1636 verba,
953 1559 1067 1644 quibus
1090 1567 1125 1624 ut
1157 1561 1333 1640 „eeleriten

195 1687 290 1754 quarn
314 1664 497 1731 oelerrime“
522 1670 650 1730 enarret
673 1664 803 1728 nuntius
823 1685 842 1728 a
860 1663 957 1728 chero
973 1671 1130 1747 monetur,
1148 1665 1233 1750 quod
1248 1665 1333 1731 idem

103 1807 105 1812 ·
194 1770 333 1856 exempli
356 1770 459 1856 gretia
480 1769 517 1834 tlt
531 1769 602 1856 Iph.
619 1769 690 1834 Aul.
710 1770 803 1851 1539,
819 1767 874 1832 ubi
890 1767 937 1832 his
953 1767 1058 1835 verbis
1075 1767 1331 1852 Clytaemnestra

193 1876 351 1954 nuntium,
375 1881 411 1940 ut
433 1875 580 1940 celeriter
601 1879 718 1953 narret,
741 1872 892 1956 impellit:
916 1869 962 1955 μή
990 1871 1082 1953 μέλλε
1114 1873 1224 1950 τοίνυν,
1255 1871 1334 1940 arro?

193 1978 284 2064 φράζ
306 1977 378 2044 ὅσον
399 1977 500 2063 τάχος.
546 1977 652 2044 Metro
676 1977 826 2043 convenit
848 1973 898 2040 ιλιὰ
922 1974 1043 2060 τέγους,
1070 1977 1156 2062 quod
1180 1984 1213 2042 et
1235 1977 1332 2064 Soph.

192 2083 245 2151 si.
269 2085 332 2150 822
355 2089 387 2148 et
409 2079 521 2149 Traoh.
545 2085 607 2149 595
639 2090 670 2148 et
699 2082 769 2147 aliis
801 2080 937 2146 ooeurrit
959 2081 1046 2157 loeis,
1072 2081 1126 2146 vel
1155 2080 1200 2146 ὅτι
1230 2079 1331 2166 τάχος,

193 2188 281 2276 qnod
296 2186 472 2274 Sophocles
494 2187 618 2274 scripsit
641 2188 672 2252 in
696 2187 829 2272 stropha
844 2185 1031 2250 doehmiaeo
1047 2185 1123 2250 Ant,
1141 2187 1222 2250 1323
1241 2182 1330 2268 ἄγετε

190 2291 224 2374 μ’
244 2289 290 2358 ὅτι
314 2291 416 2377 τάχος,
437 2289 529 2375 ἄγετε
544 2290 578 2374 μ’
593 2287 738 2356 ἐκποδών.
783 2290 954 2356 Praestare
979 2297 1085 2356 tamen
1107 2290 1183 2356 mihi
1206 2289 1332 2355 videtur

192 2397 340 2486 repetitio
363 2397 540 2484 imperativi
556 2393 632 2477 λέγε,
655 2395 711 2462 sed
726 2396 771 2460 ito
787 2394 910 2473 effecto,
936 2401 971 2459 ut
986 2416 1051 2460 uno
1067 2393 1176 2475 verbo,
1195 2393 1331 2460 fortasse

191 2492 294 2586 τέγος,
317 2501 398 2568 alter
421 2501 462 2566 ob
485 2501 587 2566 altero
608 2506 784 2586 separetur,
815 2507 852 2564 ut
880 2500 925 2566 ita
955 2501 1043 2566 loeus
1074 2500 1115 2566 sit
1145 2499 1331 2565 scribendus

192 2614 224 2672 et
249 2605 508 2692 distinguendus:

397 2717 464 2793 λέγε
489 2708 605 2794 [τάγος,
628 2707 723 2792 λέγε],
745 2709 823 2793 silvo
845 2707 957 2790 τρόπον
978 2708 1066 2774 ἔσυτο
1089 2706 1164 2774 θεό-

399 2821 457 2878 θεν
478 2817 527 2879 ini
548 2813 690 2896 pastellos
713 2811 789 2878 κακοὶ
807 2819 812 2892 l
834 2810 903 2879 τάδε
926 2810 1073 2894 τλάγιονές

552 2943 585 2983 τε
607 2917 723 2982 παίδων
745 2917 834 3002 frigor
843 2941 856 3002 ;

294 3021 367 3088 Non
392 3023 530 3088 alienum
554 3023 680 3088 videtur
703 3022 744 3088 ab
767 3022 828 3086 hoe
849 3025 922 3088 loeo
945 3042 1057 3108 penes,
1088 3041 1170 3108 quse
1198 3021 1239 3086 de
1269 3021 1330 3088 hae

191 3126 361 3198 vorborum
384 3128 593 3213 repetitorum
617 3128 826 3194 oolloeatione
849 3125 963 3206 habeo,
986 3147 1159 3212 exponere.

291 3230 472 3318 Euripides,
503 3233 556 3318 qui
579 3233 804 3318 repetitionum
833 3231 1065 3296 rhetoricarum
1095 3230 1329 3296 amantissimus

190 3343 249 3419 est,
272 3357 344 3401 oum
368 3337 554 3423 plerumque
577 3337 842 3422 simplicissimum
865 3355 967 3421 genus
989 3335 1164 3418 adhiberet,
1189 3334 1276 3422 quod
1294 3336 1330 3402 fit

189 3461 246 3526 per
268 3441 404 3524 figuram
425 3442 648 3527 geminationis
673 3442 760 3507 verbi
783 3442 914 3508 alterius
937 3446 1010 3526 post
1032 3439 1192 3520 altemm‚²
1220 3439 1328 3507 multis

190 3543 259 3610 aliis
282 3543 358 3610 loeis
381 3545 464 3610 hane
487 3546 621 3631 figuram
643 3545 835 3611 rhetorioam
858 3545 1029 3610 artifieiosa
1045 3543 1215 3609 verborum
1230 3545 1328 3609 eollo·

190 3648 316 3714 satione
338 3649 383 3713 ita
405 3649 548 3730 variavit,
572 3655 607 3715 ut
628 3669 692 3714 uno
708 3654 765 3713 ant
781 3648 995 3735 compluribus
1011 3647 1117 3714 verbis
1132 3647 1327 3733 interpositis

188 3751 290 3818 verba
313 3755 448 3838 repetita
470 3751 658 3840 separaret.³
694 3751 731 3818 E.
755 3773 786 3836 g.
809 3775 909 3818 unum
924 3752 1058 3818 verbum
1074 3751 1241 3817 intersedit
1255 3752 1325 3820 Ale.

190 3857 253 3922 252
276 3854 341 3938 ὁρῶ
362 3859 495 3924 <tironos
517 3857 581 3940 ὁρῶ
603 3855 729 3942 σκάφος,
751 3857 824 3943 Iph.
847 3857 943 3922 Taur.
967 3859 1030 3926 835
1053 3856 1156 3922 ἔλιπον
1171 3854 1327 3939 ἀγκάλαισι

294 4139 303 4172 ¹
316 4137 365 4190 eir.
379 4137 772 4204 wilamowirz-uoellsndorr,
786 4141 856 4192 anol.
870 4137 935 4192 lior.
953 4155 980 4206 p.
993 4136 1036 4192 61.
1064 4137 1163 4190 ²relut
1177 4137 1260 4206 Hipp.
1274 4135 1326 4190 848

189 4227 216 4276 ei
234 4221 320 4276 Andr.
338 4223 389 4278 854
408 4229 488 4285 ἔλιπες
505 4229 582 4286 ἔλιπες
601 4223 629 4290 si,
647 4226 698 4278 Ion
716 4223 769 4280 690
793 4228 890 4287 ὅνοπος
912 4227 999 4280 sirone
1025 4223 1077 4297 γᾶρ,
1100 4225 1152 4279 724
1170 4229 1234 4287 ὅλαις
1257 4228 1325 4286 silius

189 4309 204 4363 ὅ
229 4308 314 4381 πάρος.
351 4311 362 4346 ⁸
390 4310 444 4364 vid.
469 4309 538 4364 laud.
561 4313 595 4365 de
614 4311 708 4382 Sytet,
728 4311 761 4364 de
780 4313 993 4381 repetitionibus
1013 4314 1158 4372 verborum
1177 4311 1205 4364 in
1224 4311 1326 4372 fabulis

191 4396 348 4466 Euripidsis
367 4415 392 4467 p.
411 4399 436 4454 9.
