3274 4934
662 417 704 426 -
752 382 837 464 μου]
882 419 926 428 -
1320 383 1360 445 τε

227 569 313 637 ἑάλω
338 569 374 636 ἒν
397 578 442 654 τῷ
464 571 690 657 βουλευτηρίῳ
714 571 770 635 καὶ
792 568 908 649 ἔδοξεν
931 565 1068 636 ἀδικεῖν.
1102 571 1222 651 Quodsi
1244 574 1291 639 ita
1309 593 1361 640 se-

227 683 321 742 natus
344 674 507 740 iudicabat
530 696 613 754 eum,
641 683 865 758 contraquam
889 675 974 740 aotio
996 675 1106 740 delata
1128 682 1204 756 erat,
1242 677 1361 744 iudioio

225 800 297 846 esse
318 777 520 856 tradendum,
557 777 713 844 eiusmodi
735 777 967 863 praeiudicium
991 784 1122 844 senatus
1140 779 1363 848 nominabatur

224 881 444 969 κατάγνωσις.
492 882 542 947 De
571 903 634 964 quo
664 881 706 948 oi.
731 882 923 948 Timooratis
953 882 1058 966 legem
1080 881 1171 966 apud
1192 883 1359 951 Demosth.

224 989 297 1055 adv.
316 987 455 1053 Timoor.
474 989 528 1050 63:
557 978 682 1050 ὁπόσοι
697 979 772 1073 (ἂν)
782 979 968 1072 Ἀθηναίων
995 978 1065 1052 κατ’
1091 983 1305 1071 εἰσαγγελίαν
1325 988 1359 1054 ἐκ

225 1099 283 1178 τῆς
305 1091 430 1176 βουλῆς
452 1082 472 1176 ἢ
494 1095 556 1155 νῦν
579 1087 665 1155 εἰσὶν
683 1089 758 1174 (leg.
784 1076 875 1172 ὦσιν)
900 1086 937 1154 ἐν
966 1094 1012 1174 τῷ
1042 1087 1259 1176 δεσμωτηρίῳ
1281 1085 1301 1178 ἢ
1323 1090 1361 1157 τὸ

224 1192 347 1260 λοιπὸν
369 1193 585 1274 κατατεθῶσι,
613 1192 670 1256 καὶ
691 1188 735 1278 μὴ
759 1191 938 1277 παραδοθῇ
960 1184 979 1278 ἡ
1003 1188 1277 1276 κατάγνωσις
1299 1189 1360 1260 αὐ-

224 1305 289 1364 τιῖιν
311 1309 382 1374 τοῖς
404 1298 625 1379 θεσμοθέταις
646 1289 715 1361 ὑπὸ
739 1302 800 1361 τοῦ
822 1299 1044 1380 γραμματέως
1073 1301 1134 1362 τοῦ
1162 1293 1248 1362 κατὰ
1274 1321 1361 1384 πρυ-

223 1405 361 1467 τανείαν
383 1397 468 1465 κατὰ
490 1397 550 1466 τὸν
571 1396 821 1484 εἰσαγγελτικὸν
841 1394 971 1480 νόμον.
995 1449 1000 1462 .
1023 1449 1029 1464 .
1056 1405 1089 1466 et
1110 1400 1237 1467 lexicon
1252 1402 1361 1468 Pollu-

224 1506 270 1570 ois
297 1504 383 1587 (VIII
400 1506 466 1589 88],
493 1503 547 1570 ubi
570 1503 611 1570 de
635 1501 857 1568 thesmothetis
880 1501 1012 1568 dicitur:
1041 1499 1215 1588 εἰσάγουσι
1238 1504 1274 1570 δὲ
1302 1508 1357 1590 (so.

223 1607 271 1685 εἰς
294 1604 353 1695 τὴν
377 1601 519 1695 ἡλιαίαν)
547 1607 604 1671 καὶ
627 1605 831 1688 δοκιμασίαν
852 1617 927 1682 ταῖς
951 1599 1070 1692 ἀρχαῖς
1093 1605 1250 1684 καὶτοὺς
1273 1603 1359 1676 άπε-

226 1715 463 1799 ψηιγιομένσυς
497 1712 554 1776 καὶ
586 1708 662 1786 τὰς
697 1708 740 1776 ἐκ
774 1716 845 1797 τῆς
877 1709 1031 1796 βουλῆς
1059 1709 1358 1796 καταγνώσεις.

223 1816 378 1896 Quamvis
400 1821 506 1880 autem
530 1815 571 1881 de
592 1814 665 1900 ipsa
687 1812 879 1899 εἰσαγγελίᾳ
899 1812 1129 1898 praeiudicium
1145 1821 1278 1897 tantum,
1298 1838 1360 1882 non

224 1920 375 1987 iudicium
404 1925 491 1986 esset
520 1937 620 2004 penes
648 1913 812 2000 senatum,
845 1924 952 1984 tamen
982 1914 1208 2002 καταγνώσεις
1230 1927 1361 1987 sanatus

224 2045 375 2109 magnum
397 2022 522 2109 pondus
545 2022 697 2088 habuisse
720 2027 970 2088 consentaneum
993 2027 1059 2104 est,
1096 2042 1167 2088 uum
1201 2029 1234 2089 et
1256 2025 1360 2091 oontio

223 2135 255 2194 et
283 2127 407 2193 iudioes
423 2125 592 2192 ¹rationem
620 2125 740 2191 habere
774 2124 972 2191 auctoritatis
1007 2132 1138 2192 senatus
1167 2126 1252 2192 soliti
1282 2127 1358 2193 sint.

223 2231 315 2308 Quae
337 2228 364 2295 si
387 2236 543 2304 muamus,
570 2227 666 2294 faoile
689 2227 819 2313 lapidis,
849 2226 903 2311 qui
927 2227 1039 2294 foedus
1062 2227 1305 2296 Atheniensium
1328 2239 1361 2299 et
1389 2305 1400 2322 ,

223 2336 357 2401 Ceorum
380 2353 464 2399 anno
488 2333 586 2418 363ίῖ
609 2331 729 2398 santum
753 2331 894 2398 eontinet
921 2331 1083 2416 (Mr'tther'l.
1108 2334 1138 2396 d.
1165 2333 1283 2398 Athea.
1302 2338 1360 2400 Ια-

222 2439 288 2503 ιιίι.
306 2438 339 2502 II
366 2441 423 2500 143
447 2457 477 2501 v.
497 2437 537 2500 28
554 2437 652 2518 eqo),
685 2434 766 2501 haeo
790 2435 888 2501 verba
910 2434 1153 2520 intelleguntur:
1183 2435 1299 2524 ἐπειδὴ
1323 2438 1359 2504 δὲ

218 2536 407 2628 Ἰοσλιητάν
444 2538 477 2604 oi
513 2536 730 2624 παραβάντες
763 2534 841 2615 τοὺς
872 2532 1045 2624 ὅρκους..
1068 2589 1104 2604 ..
1130 2536 1190 2616 τάς
1213 2534 1359 2625 οάίσῙίας

223 2642 434 2732 ἐδήμευσαν.
455 2693 461 2706 ,
484 2691 491 2705 .
517 2641 705 2727 Σατυρίδου
726 2625 988 2724 καλΤιμοξίνου
1010 2643 1067 2706 καὶ
1082 2639 1286 2722 Μιλτιάδου,
1307 2638 1360 2710 ὅτι

222 2745 430 2834 κατηγόρουν
451 2741 677 2830 Ἀντιπάτρου
706 2739 761 2811 ὅτε
784 2739 803 2831 ἡ
826 2741 931 2831 βουλὴ
957 2738 974 2832 ἦ
998 2742 1186 2832 Ἀθηναίων
1208 2751 1357 2832 κατέγνω

222 2846 327 2918 αὐτοῦ
348 2846 496 2916 θάνατον
519 2841 783 2925 ἀποκτείναντος
805 2845 865 2914 τὸν
887 2845 1055 2934 πρόξενον
1083 2845 1143 2914 τὸν
1158 2843 1355 2938 Ἀθηναίων.

224 2957 265 3021 Ut
286 2975 345 3039 par
375 2952 436 3018 fuit
457 2951 660 3036 Antipatrum
683 2952 794 3036 neum,
820 2971 891 3018 aum
915 2972 1091 3038 proxenum
1115 2953 1359 3022 Atheniensium

166 3123 170 3134 ,
223 3063 380 3140 necasset,
407 3055 543 3122 Athenis
566 3055 711 3122 accusari
733 3055 1013 3138 condemnariqua‚
1043 3057 1089 3122 ita
1111 3065 1247 3143 apparet
1267 3059 1358 3125 illum

222 3167 354 3226 sanatus
387 3161 487 3226 solius
519 3158 640 3225 iudioio
675 3159 880 3226 condemnari
913 3179 976 3224 non
1007 3160 1162 3244 potuisse.
1210 3159 1317 3238 Quare
1339 3156 1358 3249 ἡ

221 3261 430 3349 κατάγνωσις
452 3270 510 3350 τῆς
532 3263 656 3350 βουλῆς
677 3282 719 3329 ne
742 3262 794 3328 hio
816 3262 946 3347 quidem
969 3268 1020 3328 ast
1041 3263 1103 3329 nisi
1127 3263 1359 3349 praeiudicium

221 3375 362 3448 senatus,
382 3367 565 3452 priusquam
582 3365 743 3452 Antipatri
758 3387 826 3432 rem
841 3367 885 3432 ad
901 3364 1025 3432 iudioas
1048 3365 1198 3450 deferret,
1225 3367 1355 3435 fastum.

220 3472 312 3537 Nihil
340 3471 424 3537 enim
455 3470 547 3536 nobis
576 3475 676 3536 restat
704 3469 767 3536 uisi
796 3477 832 3536 ut
858 3469 1096 3536 accusationem
1119 3471 1280 3557 Antipatri
1302 3492 1359 3557 per

220 3575 432 3660 εἰσαγγελίαν
454 3575 571 3640 factam
595 3581 782 3656 statuamus,
820 3593 916 3657 quam
938 3574 1126 3660 plerumque
1149 3574 1190 3642 ad
1213 3583 1357 3644 extraor-

220 3679 346 3746 dinaria
379 3677 498 3744 delicta
531 3677 695 3764 punienda
728 3677 906 3744 adhibitam
937 3697 1010 3744 essa
1040 3677 1201 3762 soimus¹].
1255 3681 1357 3748 Nemo

219 3792 326 3851 autern
349 3801 412 3848 non
435 3781 588 3867 perspicit
609 3801 720 3848 nouem
744 3801 885 3866 proxeno
900 3781 1091 3848 Atheniensi
1116 3805 1136 3848 a
1157 3784 1227 3852 cive
1250 3785 1358 3869 aliquo

220 3891 285 3957 Ceo
306 3887 431 3953 illatam
453 3885 741 3952 extraordinarium
756 3885 862 3951 scelus
880 3885 993 3952 fuisse.
1034 3885 1119 3952 Sane
1142 3887 1223 3954 illud
1246 3894 1357 3955 notatu

220 3993 351 4078 (lignum
375 3997 435 4074 est,
461 3989 546 4074 quod
569 3995 710 4070 senatus,
743 3989 852 4072 quiin
877 3988 1087 4074 εἰσαγγελίας
1109 3991 1234 4058 actione
1262 4011 1358 4059 anou-

221 4097 334 4163 satoris
367 4101 475 4182 partas
509 4093 592 4176 agit,
625 4092 711 4159 idem
743 4093 804 4159 hoo
836 4094 906 4158 looo
939 4113 1075 4180 poenam
1110 4115 1164 4161 reo
1197 4095 1357 4182 irrogasse

290 4323 306 4388 ¹)
328 4319 602 4378 Meter-Sohoomann
620 4336 648 4393 p.
663 4321 723 4373 262,
