3258 4924
654 469 866 531 ...79-

109 725 112 732 .
190 665 285 745 κῆρυξ
296 661 363 738 „rig
373 656 526 744 ἀγορεύειν
537 657 678 741 βούλεται
691 663 753 724 ταῖν
764 654 843 740 ὑπὲρ
855 657 1041 741 πεντήκοντα
1053 657 1106 744 ἔτη
1120 659 1286 743 γεγονότων
1298 667 1328 738 ;“

192 764 230 829 In
245 785 457 850 unaquaquae
479 763 575 848 igitur
592 763 742 828 contione
762 763 898 848 primum
914 761 1072 848 agendum
1090 771 1159 828 erat
1175 764 1215 829 de
1233 767 1328 832 rebus

189 870 286 936 sacris
298 869 318 951 ¹,
334 867 449 934 deinde
462 867 501 932 de
515 866 780 932 caduceatoribus
793 868 972 953 legatisque
984 903 1024 912 —
1037 867 1063 933 si
1076 867 1204 954 quidem
1217 871 1327 936 talium

189 995 297 1040 rerum
321 973 413 1059 copis
436 981 505 1038 erat
529 1009 569 1020 -
594 971 679 1058 quod
703 992 797 1058 quam
820 977 895 1056 apte
918 971 1097 1036 institutum
1120 973 1160 1038 sit
1182 973 1325 1058 adparet.

292 1077 400 1163 Atque
423 1097 464 1140 ex
487 1075 656 1141 Aeschinis
687 1076 759 1141 loco
783 1077 890 1140 nescio
914 1096 954 1139 an
976 1077 1083 1162 aliquo
1114 1075 1210 1141 modo
1241 1079 1327 1144 unde

190 1201 278 1246 error
306 1179 393 1266 apud
424 1179 591 1244 Pollucem
623 1185 711 1244 crtus
742 1179 797 1260 sit,
829 1199 1046 1264 assequemur.
1099 1179 1213 1265 Neque
1243 1181 1327 1248 enim

191 1284 357 1350 Aristoteli
380 1303 502 1348 summo
527 1283 650 1348 auctori
679 1283 774 1348 istum
798 1304 937 1348 errorem
968 1284 1109 1351 tribuere
1133 1285 1216 1351 licet.
1261 1285 1324 1350 Sed

189 1389 282 1453 facile
303 1389 474 1452 statuimus
499 1385 705 1453 Aristotelem
727 1393 802 1474 post
823 1397 1014 1472 argumenta
1045 1389 1201 1454 contionis
1224 1391 1327 1471 κυριάς

190 1497 365 1556 memorata
390 1483 599 1577 dsposuissm
637 1492 741 1577 qualis
778 1491 879 1556 ferme
910 1491 1005 1557 fuerit
1037 1513 1143 1557 rerum
1179 1493 1211 1556 in
1244 1492 1327 1557 ordi·

190 1598 285 1661 nariis
308 1597 513 1662 contionibus
537 1595 772 1662 tractandarum
798 1596 876 1659 ordo
893 1597 1066 1675 sollemnis,
1089 1598 1208 1683 pariter
1230 1601 1327 1682 etque

187 1700 229 1765 ab
245 1700 405 1765 Aeschine
427 1701 607 1764 institutum
632 1721 701 1790 esse
717 1699 877 1764 ridemus:
901 1699 945 1764 eis
961 1708 1068 1764 autem
1085 1701 1326 1784 grammaticum

188 1827 208 1869 a
232 1826 295 1892 quo
318 1827 376 1868 sue
392 1804 516 1890 accepit
531 1804 660 1884 Pollux,
684 1805 729 1868 ita
752 1804 887 1868 abusum
905 1825 986 1885 esse,
1009 1811 1045 1867 ut
1067 1803 1121 1868 illa
1135 1810 1326 1886 argumenta

187 1910 220 1972 in
248 1915 312 1974 tres
343 1916 469 1994 praeter
491 1910 597 1992 κυρίαν
627 1909 794 1973 contiones
825 1917 945 1974 temere
975 1907 1194 1988 distribueret,
1225 1909 1325 1993 ipsam

190 2016 296 2094 κυρίαν
319 2014 452 2098 primam
469 2013 637 2098 prytaniae
652 2014 833 2077 contionem
850 2033 919 2076 csse
936 2018 1085 2077 sumeret.
1122 2011 1205 2076 Sane
1221 2031 1326 2076 rerum

187 2117 218 2181 in
236 2117 385 2182 contione
407 2117 496 2204 κυρίᾳ
511 2118 710 2200 agendarum
734 2122 902 2180 natureae
926 2124 990 2195 est,
1013 2125 1049 2180 ut
1065 2137 1120 2180 cur
1140 2115 1215 2180 huic
1236 2116 1324 2200 ipsae

187 2221 327 2285 conticui
350 2221 413 2284 sint
429 2219 604 2284 attributae
621 2227 716 2283 'causa
738 2219 897 2284 neminem
912 2219 1012 2284 lateat
1034 2219 1090 2300 (cf.
1106 2243 1136 2306 p.
1151 2219 1221 2299 71):
1245 2239 1326 2304 quae

188 2346 284 2390 cause
308 2323 507 2388 desideratur
528 2323 560 2388 iu
584 2325 630 2387 eis
652 2324 847 2408 argumentis
870 2343 950 2408 quae
972 2323 1090 2387 Pollux
1114 2324 1228 2388 ceteris
1252 2344 1325 2388 con·

187 2429 327 2494 tionibus
344 2427 483 2492 vindicat
498 2431 567 2492 toto
591 2447 708 2511 genere
724 2427 764 2492 ab
787 2428 913 2491 illarum
928 2447 1034 2492 rerum
1051 2433 1166 2492 natura
1181 2427 1325 2492 diversis.

291 2533 335 2596 At
368 2533 494 2598 omnino
529 2540 643 2596 certas*
666 2553 716 2596 res
750 2531 883 2614 singulis
917 2532 1119 2596 contionibus
1152 2551 1216 2594 non
1250 2549 1323 2595 esse

188 2636 360 2700 destinatas
384 2637 433 2700 vel
457 2635 531 2700 inde
554 2635 778 2719 comprobetur
795 2633 881 2719 quod
905 2634 936 2696 in
959 2632 1260 2700 senatusconsultis
1283 2631 1324 2696 de

168 2741 299 2827 'quevis
315 2761 349 2804 re
365 2741 447 2804 solet
462 2739 599 2820 decerni,
623 2747 657 2804 ut
673 2737 1325 2822 incautioneproximesequcnti

186 2843 250 2927 (εἰς
274 2841 329 2928 τὴν
351 2842 474 2928 πρώτην
497 2843 546 2907 vel
568 2845 712 2907 ἐπιοῦσαν
734 2839 914 2925 ἐκκλησίαν]
943 2842 1063 2928 populo
1089 2847 1324 2926 proponeretur

188 2951 311 3012 ratione
334 2947 490 3011 contionis
512 2955 611 3032 quota
633 2946 758 3010 sitnon
782 2945 916 3010 habito.2

289 3049 353 3114 Pro
379 3052 547 3134 explorato
563 3051 658 3136 igitur
681 3050 792 3114 heberi
806 3055 914 3134 potest
937 3049 968 3112 in
986 3069 1049 3114 una
1073 3049 1221 3114 contione
1234 3049 1324 3136 κυρίᾳ

189 3159 291 3218 certas
314 3176 365 3218 res
387 3153 569 3219 tractandas
591 3154 708 3234 fuisse,
738 3152 813 3238 quid
842 3153 874 3217 in
898 3153 1011 3218 ceteris
1034 3157 1201 3238 ageretur,
1229 3157 1325 3237 prout

188 3279 240 3322 res
263 3257 363 3323 ferret
386 3280 405 3322 e
427 3257 614 3343 prytanibus
639 3278 708 3322 esse
731 3256 929 3342 dispositum.

399 3421 428 3482 5.
474 3413 525 3478 De
547 3413 670 3477 ratione
693 3413 851 3478 contionis
873 3411 1109 3477 convocandae.

292 3549 450 3624 Quoniam
472 3551 607 3616 vidimus
630 3557 802 3638 prytanum
817 3550 916 3616 tuisse
939 3556 976 3614 ut
999 3555 1032 3614 et
1047 3549 1114 3614 dies
1138 3547 1324 3613 contionum

186 3657 365 3722 statuerent
389 3661 422 3722 et
443 3664 632 3740 argumenta
646 3655 812 3720 tractanda
834 3663 1064 3740 proponerent,
1087 3659 1186 3718 restat
1209 3657 1245 3715 ut
1260 3673 1323 3738 quo

186 3767 386 3777 *-

292 3811 300 3846 ¹
325 3812 452 3866 Dubitari
479 3819 569 3880 potest
593 3817 682 3864 utrum
710 3812 744 3864 sd
763 3813 835 3864 hanc
854 3812 1065 3880 programmatis
1083 3815 1189 3878 partem
1208 3811 1322 3877 primam

188 3913 222 3948 an
241 3897 275 3950 ad
297 3898 357 3963 ipss
375 3897 518 3950 sollemnia
537 3898 636 3966 quibus
655 3899 748 3950 contio
767 3897 874 3951 solebat
893 3897 1030 3963 auspicari
1049 3897 1186 3965 pertineat
1207 3895 1324 3948 tennala

187 3984 347 4052 saepissime
368 3990 514 4052 usurpata:
540 3983 668 4054 πρόσοδον
686 3987 747 4038 εἶναι
764 4011 797 4021 -
817 3986 918 4053 πρῶτον
934 3983 999 4052 perd
1017 3984 1050 4037 ra*
1068 3984 1132 4053 ίυρᾶ,
1158 3997 1249 4050 eque
1268 3997 1322 4034 non

188 4067 298 4122 diversa
321 4077 361 4122 est
386 4071 518 4122 formula:
543 4069 670 4140 πρόσοδον
695 4072 754 4124 εἶναι
775 4098 806 4106 -
824 4073 851 4124 ἐν
874 4073 946 4139 ἱεροῖς
965 4071 1009 4122 vel
1026 4077 1176 4141 χρηματίααυ
1200 4071 1226 4122 ir
1252 4071 1324 4137 ἱεροῖς

188 4157 243 4218 (nn.
261 4155 327 4221 325;
348 4155 439 4224 eoam
457 4156 548 4223 373b;
566 4157 599 4208 cl.
618 4173 665 4211 nn.
679 4156 745 4224 593;
763 4156 836 4223 605).
864 4157 967 4210 Tamen
986 4158 1047 4226 ipsa
1066 4157 1206 4225 privilegii
1224 4159 1325 4209 natura

188 4242 274 4309 magis
293 4244 509 4310 commendatur,
529 4243 603 4312 quod
622 4245 708 4296 altero
728 4245 790 4296 loco
810 4243 896 4310 posui.

288 4330 299 4364 ²
324 4329 452 4383 Ceterum
476 4329 554 4384 deest
579 4331 698 4384 formula
721 4333 754 4390 εἷς
778 4329 823 4396 τήν
847 4328 950 4398 πρώτην
974 4330 1018 4382 Vel
1049 4330 1166 4384 incedam
1195 4331 1323 4397 ἕκκληίοαν

187 4431 232 4468 nu.
250 4415 300 4482 403
317 4416 368 4484 493
387 4415 435 4484 oo;
453 4401 519 4486 aob;
536 4415 604 4494 3763
622 4417 689 4484 3973
707 4435 734 4471 n.
752 4415 805 4472 409
822 4416 942 4484 legitur:
960 4414 1002 4484 εἷς]
1020 4416 1067 4486 τίν
1083 4418 1219 4484 lustratur.
