3274 4934
716 439 807 523 [259]
1291 447 1332 508 47

197 636 390 700 viderentur.
424 633 525 696 Porro
548 631 643 695 facilc
665 631 791 707 accidit,
815 637 850 694 ut
873 630 913 694 de
929 631 1127 714 appellandis
1144 633 1334 699 carminibus

197 739 376 808 sentcntiae
409 737 553 800 diversae
588 734 805 818 proferrentur
841 745 873 798 et
903 734 944 798 ab
975 735 1044 818 ipso
1076 735 1164 800 initio
1197 740 1337 802 carmina

198 843 289 906 aliter
311 839 351 902 ab
375 837 444 901 aliis
467 834 725 898 inscriberentur.
763 832 834 906 Quo
855 834 1015 918 pertinent
1038 841 1069 898 ct
1092 835 1335 924 discrepantiae,

198 966 281 1032 quae
304 946 334 1006 in
358 940 522 1005 codicibus
545 937 660 1000 nostris
676 943 862 1020 comparent
878 934 1016 1019 (1124.
1031 941 1058 1002 7.
1077 942 1125 1004 ll.
1143 943 1192 1006 20.
1215 942 1269 1008 ΙΙΙ
1284 947 1336 1010 23.

198 1051 250 1114 27.
266 1050 318 1112 28.
336 1043 405 1127 29),
429 1053 460 1107 et
484 1042 730 1126 dittograplriac,
754 1042 809 1104 ubi
832 1041 951 1124 duplex
969 1043 1158 1124 significatio
1176 1047 1205 1110 in
1223 1048 1335 1114 eodem

199 1152 308 1218 codice
332 1149 462 1213 additur
493 1146 526 1228 (Ι
555 1145 713 1211 ralla.
739 1147 767 1210 7.
794 1148 841 1210 lt.
869 1147 915 1208 18.
940 1148 991 1212 20.
1025 1147 1095 1213 IIII
1120 1153 1147 1216 1.
1172 1149 1218 1235 4).
1262 1152 1335 1216 Uno

198 1258 268 1320 loeo
298 1253 369 1318 IIII
398 1255 416 1316 5
452 1249 572 1334 duplex
609 1249 799 1332 significatio
833 1270 898 1312 non
932 1255 997 1312 tarn
1028 1252 1137 1317 variae
1165 1255 1337 1319 memoriae

200 1379 292 1444 quam
315 1355 505 1421 accuratiori
528 1352 728 1417 adnotationi
755 1351 861 1416 deberi
887 1353 1012 1418 videtur
1034 1357 1219 1441 (paeanio
1241 1380 1337 1442 spe·

200 1463 287 1526 cies
310 1455 601 1544 proseuctiee).
647 1456 684 1520 In
709 1457 893 1520 universum
916 1467 1024 1522 autem
1040 1460 1094 1522 ubi
1111 1459 1270 1548 discrepat
1286 1482 1338 1526 co·

200 1565 306 1630 dicum
327 1563 357 1626 in
383 1563 431 1626 his
455 1560 672 1626 notationibus
696 1560 858 1639 memorie,
882 1559 1007 1643 aptiora
1030 1563 1175 1628 exhiberi
1196 1565 1338 1648 epitheta

200 1671 231 1734 in
255 1695 272 1731 τ
294 1675 327 1733 et
343 1691 360 1748 y
376 1665 431 1744 (de
448 1685 511 1750 quo
530 1663 588 1727 rid.
602 1685 632 1748 p.
650 1667 684 1727 15
700 1663 771 1747 aa),
784 1663 826 1726 ad
845 1685 924 1748 quos
942 1664 972 1726 in
989 1665 1069 1729 libro
1086 1667 1179 1730 tertio
1196 1673 1339 1732 extremo

200 1771 357 1837 accedunt
378 1774 446 1848 AB,
471 1789 565 1854 quam
591 1767 648 1846 Fr,
672 1767 712 1830 de
735 1766 770 1830 II
794 1769 813 1828 2
840 1767 875 1846 (γ
897 1774 1009 1831 contra
1025 1767 1095 1832 Fra
1120 1769 1339 1851 etAB),114

203 1887 235 1944 tr
257 1880 367 1962 contra
379 1873 470 1954 Flyl,
488 1876 505 1935 ῖ
522 1879 555 1934 ct
566 1873 607 1933 20
624 1871 815 1952 (17¹contra
832 1869 940 1952 Fra),
956 1871 1009 1935 ΙΙΙ
1024 1873 1064 1936 23
1079 1872 1115 1952 (γ
1130 1879 1241 1936 contra
1264 1873 1339 1956 Fr),

201 1982 241 2043 27
264 1978 354 2059 (Alta
369 1983 480 2040 contra
498 1974 612 2054 Flyna
629 1973 681 2038 III
698 1976 739 2037 29
756 1973 863 2055 (ABy2
883 1982 994 2038 contra
1010 1972 1107 2056 Fra)
1124 1976 1338 2059 probavimus.

303 2083 353 2147 De
383 2089 535 2164 tempore,
566 2099 628 2161 quo
660 2077 858 2161 grammatici
882 2079 1020 2142 carmina
1043 2078 1223 2143 Horatiana
1244 2079 1339 2143 inter·

204 2186 318 2272 pretati
342 2184 482 2265 sintita,
507 2193 542 2246 ut
565 2182 749 2246 universum
773 2181 927 2265 cuiusque
946 2183 1092 2246 carminis
1114 2190 1338 2266 argumentum

204 2291 337 2356 termino
368 2309 461 2372 quem
494 2287 583 2350 aiunt
613 2284 758 2348 technico
788 2287 976 2367 graecanieo
1008 2307 1048 2349 ex
1083 2286 1247 2350 rhetorum
1280 2307 1338 2370 po·

203 2395 357 2460 tissimum
380 2390 570 2475 supellectili
594 2387 763 2472 desumpto
781 2389 1082 2470 circumscriberent,
1108 2388 1341 2454 cumdcficiant

202 2497 318 2564 indicia
345 2517 449 2581 neque
481 2495 510 2557 id
542 2501 707 2580 poctarum
735 2492 1045 2576 interpretandorum
1069 2514 1171 2577 genus
1194 2494 1260 2558 late
1283 2515 1339 2578 pa·

202 2603 303 2666 tuisse
325 2599 479 2676 videatur,
504 2599 620 2662 certius
643 2597 721 2661 nibil
745 2595 867 2660 definiri
890 2605 1013 2681 potest:
1037 2603 1111 2660 ante
1133 2599 1239 2681 quarti
1268 2619 1337 2662 sae·

203 2707 265 2771 culi
287 2704 410 2767 initium
433 2701 465 2764 id
489 2703 551 2766 iam
575 2723 635 2766 usu
657 2707 824 2786 receptum
847 2700 944 2764 luisse
968 2700 1200 2785 Porphyrionis
1217 2702 1341 2765 etDio·

203 2810 303 2873 medis
326 2807 506 2870 testimonia
529 2805 624 2870 fidem
646 2805 780 2870 faciunt.
828 2803 900 2867 Hoc
924 2811 1046 2868 eertum
1071 2802 1199 2868 videtur
1221 2805 1341 2868 sebo·

202 2911 377 2977 lasticae
408 2908 581 2973 carminum
613 2907 894 2992 interpretationis,
918 2908 1020 2992 qualis
1043 2907 1116 2972 inde
1137 2906 1176 2970 ab
1201 2915 1341 2972 exeunte

203 3019 304 3102 primo
326 3039 356 3102 p.
381 3012 439 3078 Ch.
463 3011 592 3077 saeculo
616 3012 677 3077 celi
701 3021 818 3097 coepta
842 3019 900 3093 eat,
925 3011 1006 3076 bace
1026 3010 1174 3096 exempla
1197 3012 1339 3094 agnosci.

204 3121 318 3204 ltaque
348 3118 394 3182 eis
424 3113 621 3199 temporibus
645 3114 816 3179 tribuenda
838 3121 941 3195 erunt,
976 3113 1091 3198 quibus
1115 3119 1146 3178 et
1168 3113 1199 3177 in
1224 3113 1340 3178 scholis

204 3222 333 3289 assidua
354 3221 492 3284 lectione
515 3219 792 3302 pertractabantur
815 3218 954 3282 carmina
978 3217 1158 3282 Horatiana
1182 3223 1214 3283 et
1237 3217 1342 3281 studia

205 3325 365 3391 rhetorica
385 3325 448 3386 iam
472 3321 525 3384 illa
548 3321 710 3385 nominum
734 3328 830 3405 atque
854 3321 1092 3386 distinctionum
1116 3322 1209 3404 copia
1231 3341 1342 3406 parum

204 3429 369 3493 fructuosa
397 3424 613 3490 abundabant.
668 3425 881 3491 Aecuratiora
903 3424 944 3489 de
964 3425 1015 3488 his
1037 3425 1176 3490 fortasse
1200 3424 1343 3512 proferre

204 3531 330 3619 poterit,
351 3529 377 3594 si
407 3528 477 3613 quis
500 3527 696 3591 metricas
718 3529 901 3593 notationes
926 3527 1076 3608 Graecas,
1101 3549 1182 3613 quae
1206 3530 1344 3616 plerum·

206 3656 269 3723 que
291 3656 361 3699 cum
386 3632 445 3697 illis
470 3631 619 3716 epithetis
642 3632 830 3695 coniunctae
853 3631 1058 3696 inveniantur
1086 3639 1118 3696 et
1146 3633 1343 3698 adeundam

206 3741 359 3822 originem
394 3738 463 3802 sine
493 3735 590 3799 dubio
621 3734 821 3799 revocandae
853 3743 927 3799 sunt
963 3735 1177 3819 (monocolos,
1213 3738 1343 3822 dicolos,

205 3842 377 3910 tetracolos
393 3839 470 3914 etc.)
487 3825 653 3923 diligenter
674 3839 907 3904 examinaverit
929 3842 1131 3906 metricorum
1155 3842 1345 3928 scriptorum

206 3946 360 4013 memoria
387 3944 544 4026 variisque
576 3942 652 4006 artis
675 3942 825 4006 metricae
844 3945 1016 4026 generibus
1039 3951 1071 4008 et
1094 3945 1290 4030 temporibus
1313 3945 1345 4010 in

207 4049 477 4135 comparationem
509 4046 646 4109 vocatis:
686 4065 780 4130 quam
819 4047 1039 4129 quaestionem
1074 4067 1145 4110 eum
1181 4049 1348 4112 absolvere

206 4175 271 4218 non
299 4175 427 4240 possem
451 4158 566 4236 utpote
596 4149 636 4213 ab
659 4150 754 4214 huius
777 4149 957 4235 scriptionis
981 4149 1112 4214 consilio
1137 4151 1284 4234 alienam,
1307 4173 1347 4216 nc

207 4257 363 4341 attingere
388 4255 515 4342 qnidam
539 4255 639 4317 satius
663 4253 752 4318 duxi.

678 4443 882 4453 ——a—
