3238 4930
749 514 839 597 [219]
1345 521 1360 581 l

326 703 364 768 In
396 705 553 789 ponendis
583 710 690 768 autem
720 704 972 790 neglegendieve
1006 705 1067 770 illis
1104 707 1362 791 inscriptionibus

223 807 324 892 qualis
354 807 395 872 sit
426 808 571 874 codicum
594 811 686 888 ratio,
717 830 758 872 ex
791 810 900 873 tabula
929 831 1024 896 quam
1056 831 1086 895 p.
1111 810 1217 874 8-13
1241 811 1362 876 subieci

223 911 373 976 elucebit.

325 1063 375 1129 Ex
408 1067 469 1132 hoe
505 1067 608 1132 indice
638 1068 775 1152 primum
806 1069 954 1133 notabilis
985 1069 1016 1132 in
1040 1070 1191 1132 memoria
1217 1069 1360 1133 codicum

223 1171 435 1254 discrepantia
452 1179 594 1256 apparet.
622 1171 738 1236 Differt
753 1173 834 1235 eninr
852 1171 992 1256 priorum
1010 1173 1104 1236 trium
1122 1172 1273 1236 librorum
1296 1193 1361 1236 me-

224 1274 324 1338 moria
356 1295 374 1337 a
403 1277 506 1358 quarti
535 1275 579 1338 ita
609 1284 645 1338 ut
676 1275 708 1338 in
738 1276 799 1338 illis
830 1276 917 1338 varia
947 1275 988 1339 sit
1016 1283 1049 1339 et
1074 1295 1186 1359 parum
1211 1283 1360 1340 constane

224 1378 400 1443 secundum
430 1379 571 1444 diversas
602 1379 746 1443 codicum
777 1379 901 1464 stirpes,
931 1381 961 1442 iu
994 1387 1107 1464 quarto
1139 1380 1219 1444 libro
1243 1370 1307 1444 una
1329 1387 1361 1444 et

222 1483 335 1547 eadem
358 1485 427 1548 eine
450 1484 624 1549 lectionum
648 1484 813 1548 varietate.
858 1483 966 1568 Atque
989 1505 1060 1547 oum
1083 1485 1115 1547 in
1133 1484 1232 1548 tribus
1249 1485 1371 1570 priori.

222 1587 282 1650 bus
306 1586 392 1651 libris
416 1587 496 1652 duas
520 1587 691 1674 praecipue
707 1587 840 1650 familiae
860 1586 1085 1665 discernamus,
1109 1609 1242 1670 quarum
1258 1589 1359 1652 altera

223 1691 312 1771 (AB)
328 1691 532 1772 graecanicae
547 1691 912 1774 inscriptioueepraeter
929 1691 1068 1753 earmina
1084 1689 1101 1753 I
1118 1693 1143 1754 l.
1161 1687 1359 1756 11211125.

221 1795 349 1856 27-29
365 1814 531 1879 nusquam,
556 1801 666 1858 contra
681 1793 781 1856 altera
798 1792 857 1876 (F)
870 1814 924 1858 eae
939 1793 971 1857 in
988 1779 1147 1878 plerisque
1165 1794 1357 1858 carminibus

222 1897 381 1976 exhibeat,
395 1899 427 1962 in
444 1905 557 1982 quarto
575 1898 656 1961 libro
674 1897 817 1961 condicio
829 1898 924 1981 plane
941 1903 1134 1960 commutata
1151 1903 1302 1982 apparet,
1316 1896 1358 1960 ibi

221 2001 304 2064 enim
320 2003 422 2065 altera
438 1999 531 2084 (Am
548 2003 614 2066 fere
627 2001 744 2085 ubique
762 2001 862 2064 titulis
875 2001 1005 2066 Graecis
1017 2001 1172 2064 instructa
1188 2005 1246 2079 est,
1257 1999 1360 2062 altera

220 2103 278 2178 (F)
299 2105 344 2168 eis
366 2111 493 2189 praeter·
512 2126 607 2168 unam
623 2103 710 2181 (IIII
728 2106 776 2185 10,
794 2105 820 2168 ei
833 2103 965 2168 Kellero
982 2102 1061 2168 fides
1072 2101 1218 2166 habenda
1231 2101 1294 2180 est)
1308 2124 1358 2164 ea·

219 2215 276 2271 ret.
301 2207 404 2281 Quam
420 2229 487 2272 rem
504 2208 676 2291 explicavit
691 2206 903 2290 Kiesslingiue
915 2207 946 2268 in
962 2205 1302 2286 „commentatiuncula
1319 2204 1358 2270 de

220 2311 471 2376 Horatianorum
503 2312 675 2375 carminum
705 2309 984 2394 inscriptionibus“
998 2311 1019 2390 ¹,
1047 2310 1135 2372 euius
1158 2307 1254 2370 verba
1278 2307 1357 2372 haee

218 2423 308 2477 sunt:
334 2413 386 2492 ,Is
408 2414 487 2477 liber·
512 2413 596 2476 unde
619 2435 675 2498 per
697 2414 818 2496 priores
839 2419 904 2477 tres
927 2411 1025 2475 libros
1042 2412 1124 2474 tituli
1137 2411 1308 2474 carminum
1324 2410 1357 2474 in

220 2537 389 2582 commune
412 2516 557 2580 codicum
583 2519 647 2580 AB
674 2516 881 2599 archetypum
898 2515 1095 2599 transscripti
1111 2522 1195 2595 sunt,
1220 2514 1278 2577 etsi
1294 2513 1356 2576 iam

218 2619 369 2704 inpriore
386 2625 475 2704 parte
491 2640 623 2683 mancus
638 2618 736 2683 fuisse
753 2618 889 2694 videtur,
908 2617 1025 2681 defecit
1040 2623 1125 2681 certe
1140 2617 1171 2680 in
1185 2617 1270 2680 tertii
1285 2615 1357 2678 libri

218 2723 290 2794 fine.
314 2731 413 2809 atque
432 2723 535 2806 quarti
551 2723 620 2786 libri
638 2723 834 2806 praescripta
851 2743 889 2786 ex
906 2720 968 2783 alio
985 2719 1093 2783 codice
1110 2719 1258 2804 suppleta
1273 2725 1355 2782 sunt.

219 2827 308 2891 Idem
332 2847 407 2892 vero
432 2827 546 2889 accidit
568 2827 600 2889 in
623 2826 742 2891 codicis
766 2825 799 2889 F
818 2824 1001 2909 archetypo,
1034 2831 1069 2887 ut
1091 2824 1171 2888 liber
1193 2823 1246 2888 ille
1271 2821 1356 2886 unde

217 2931 438 3016 inscriptiones
473 2929 736 2994 describebantur
770 2929 801 2991 in
837 2930 922 2992 tertii
956 2929 1028 2992 libri
1067 2927 1156 2991 exitu
1188 2925 1355 2990 desineret.

217 3033 396 3116 Desumpta
428 3032 525 3116 igitur
555 3039 631 3096 sunt
660 3053 698 3096 ea
729 3031 927 3115 praescripta
959 3051 997 3093 ex
1026 3027 1188 3094 codicibus
1213 3028 1265 3112 qui
1291 3035 1355 3091 tres

217 3139 339 3220 priores
363 3135 537 3198 carminum
562 3135 658 3198 libros
683 3136 769 3199 solos
786 3135 1090 3218 complectebantur.
1135 3131 1231 3194 'Pales
1247 3137 1353 3193 autem

219 3239 364 3304 extitisse
389 3239 514 3303 codices
538 3239 588 3302 vel
611 3237 643 3301 id
668 3237 859 3302 documento
884 3257 955 3301 esse
981 3239 1089 3320 potest
1112 3233 1197 3318 quod
1220 3234 1252 3296 in
1267 3233 1354 3296 libris

217 3344 376 3408 nonnullis
406 3345 494 3407 velut
521 3347 553 3407 A
560 3351 576 3407 λ
599 3344 630 3408 in
653 3344 737 3408 tertii
754 3342 886 3406 odarum
903 3342 974 3406 libri
989 3342 1052 3404 fine
1068 3341 1265 3404 diversorum
1280 3337 1354 3421 lyri-

217 3467 273 3510 cae
296 3467 432 3530 poeseos
456 3466 610 3530 generum
634 3445 830 3510 enumeratio
854 3447 973 3509 inserta
989 3451 1037 3507 est
1053 3491 1248 3506 .........
1270 3461 1352 3525 quae

217 3571 267 3614 ree
291 3548 560 3635 quemadmodum
584 3549 722 3634 permira
745 3549 846 3612 estin
869 3546 975 3610 modio
1005 3545 1196 3629 exemplari,
1228 3544 1272 3607 ita
1301 3543 1353 3627 qui

217 3673 277 3715 usu
307 3653 415 3717 venire
444 3653 588 3736 potuerit
618 3673 677 3716 sua
705 3657 819 3735 sponte
842 3649 1048 3730 intellegitur,
1075 3647 1100 3711 si
1124 3645 1276 3709 hocloco
1301 3665 1352 3708 eo·

217 3753 323 3818 dicum
346 3755 476 3839 aliquod
498 3776 600 3839 genus
623 3754 753 3818 desiisse
772 3752 947 3817 statuimus.
991 3750 1101 3835 Atque
1124 3748 1210 3834 quod
1233 3747 1277 3811 illi
1301 3769 1352 3812 co·

218 3857 304 3922 dices
326 3857 388 3922 hoe
410 3858 479 3923 loeo
504 3857 689 3936 defecerint,
712 3879 776 3921 non
800 3857 888 3920 casui
904 3853 1110 3918 tribuendum
1130 3873 1199 3916 esse
1216 3851 1351 3926 videtur,

217 3963 274 4027 eed
303 3963 376 4026 inde
408 3969 495 4026 certe
525 3963 678 4046 explicari
709 3967 816 4046 potest
847 3959 933 4042 quod
955 3958 1057 4042 prima
1086 3956 1259 4020 carminum
1285 3953 1352 4019 Ho-

217 4065 416 4130 ratianorum
440 4064 536 4130 editio
560 4065 591 4128 iu
614 4064 715 4128 tribus
739 4063 897 4148 prioribus
918 4061 1005 4124 libris
1028 4059 1278 4124 continebatur.“

320 4167 413 4232 Haec
435 4166 665 4250 Kieseliugiue;
689 4166 780 4230 uobis
804 4173 911 4229 autem
935 4165 1042 4249 paullo
1059 4164 1185 4248 longius
1200 4159 1351 4246 progredi

321 4357 434 4412 *Index
453 4355 607 4408 scholarum
626 4353 653 4404 in
674 4353 851 4404 universitate
871 4353 1009 4405 litteraria
1026 4349 1282 4420 Grypbiewcldenei
1300 4365 1350 4418 per

217 4449 348 4498 semestre
366 4443 499 4498 aestivum
519 4440 584 4492 unni
604 4436 845 4491 Mucccnxxvr
862 4437 1049 4490 habendarum
1062 4453 1088 4504 p.
1103 4438 1142 4488 10.
