3238 4930
280 453 322 516 50
801 449 893 534 [188]

282 650 369 734 prius
380 644 651 730 nusquamenimo
661 643 801 727 speravit
810 665 845 706 se
855 643 1171 727 passurum‚domino
1181 645 1276 710 huius
1285 649 1418 720 terrae,“

282 761 317 818 ut
339 752 486 816 dominus
509 759 613 812 terroe
635 747 676 810 sit
698 745 820 830 Lycus,
852 747 902 809 oui
924 747 1103 826 imminere,
1134 767 1232 831 quarn
1255 771 1418 835 nunquam

282 856 441 932 metuerit,
457 853 611 916 ultionem
626 849 742 914 chorus
756 849 929 934 praedicet,
946 851 1073 918 obstare
1090 853 1224 918 verbum
1240 852 1335 918 utitur.
1368 854 1418 917 Ad

281 959 365 1045 quod
390 955 542 1021 tuendum
572 953 662 1017 nihili
692 961 757 1032 est,
788 953 875 1038 quod
901 952 1058 1019 Matthiae
1088 954 1229 1039 profert,
1260 957 1300 1020 ad
1331 955 1420 1020 πάλιν

280 1063 440 1148 pertinere
466 1060 561 1136 idom,
593 1056 678 1142 quod
711 1055 821 1140 Spohn
853 1057 925 1121 leot.
950 1057 1086 1144 Thsoor.
1111 1080 1197 1143 spec.
1221 1059 1237 1122 Ι
1258 1083 1290 1146 p.
1314 1062 1355 1125 32
1378 1060 1418 1126 de

280 1161 372 1243 αὖθις
396 1172 428 1228 et
451 1161 500 1238 ἄψ
523 1159 687 1246 particulis
716 1160 885 1242 monuerit,
914 1181 993 1246 ques
1015 1161 1102 1246 poni,
1122 1163 1250 1246 quando
1279 1163 1335 1228 fist
1362 1165 1420 1228 eli·

283 1271 369 1354 quid,
394 1265 480 1352 quod
505 1263 645 1330 nondum
669 1265 862 1344 sitientum,
885 1285 942 1348 per
964 1264 1041 1328 illud
1066 1273 1174 1330 autem
1192 1267 1306 1352 ipsum,
1333 1267 1419 1352 qnod

279 1373 345 1452 liat,
368 1370 454 1434 aliud
478 1367 552 1453 quid
574 1369 606 1430 io
629 1368 795 1451 pristinam
818 1367 1245 1434 restituatur-condicionem
1261 1380 1317 1436 aut
1332 1371 1418 1456 quod

278 1477 319 1541 sit
342 1475 467 1538 interea
496 1473 632 1551 factum,
662 1471 724 1534 iarn
753 1471 905 1534 reddatur·
932 1471 1064 1536 irritum.
1115 1472 1300 1539 Sententiae
1329 1496 1417 1554 vero,

280 1600 375 1664 quam
390 1576 508 1659 Pflugk
523 1576 607 1640 facili
621 1576 797 1640 mutatione
814 1575 901 1639 verbi
917 1573 1044 1658 ἤλπισεν
1059 1577 1092 1639 in
1107 1574 1252 1660 ἦλαισ(ο)
1266 1577 1306 1642 ἄν
1323 1579 1418 1644 insert

278 1683 349 1746 loeo
377 1680 512 1761 „Rediit
536 1680 621 1763 quod
645 1700 803 1763 nusquam
818 1679 945 1763 speravi
961 1678 1030 1743 iore
1053 1689 1088 1743 ut
1113 1680 1189 1743 mihi
1206 1684 1417 1766 contingeret,

278 1807 336 1848 rex
359 1792 461 1847 terrae
485 1784 596 1846 liuiust
623 1781 705 1865 (soil.
721 1781 902 1862 Hercules),
926 1781 1095 1847 Weoklein
1120 1785 1151 1846 in
1167 1785 1261 1849 tertis
1276 1785 1416 1851 editione

279 1888 407 1952 obstare
432 1889 564 1951 verbum
588 1891 700 1949 παθεῖν
727 1893 812 1948 reete
843 1885 985 1950 adnotat.
1030 1887 1094 1951 Sed
1125 1895 1290 1974 uteunque
1320 1890 1417 1954 inter-

278 1993 424 2078 pretaris,
456 2012 554 2054 unum
583 2011 633 2053 ine
658 1989 786 2074 quidem
811 1989 945 2054 offendit
975 1989 1167 2055 vocabulum
1198 1990 1301 2073 πάρος,
1330 1993 1416 2078 quod

277 2097 319 2160 ad
342 2093 446 2160 οὔποτ’
469 2092 595 2178 ἤλπισαν
624 2094 675 2158 vel
707 2091 805 2174 ἥλικα
833 2091 871 2155 ἄν
900 2093 1044 2159 additum
1073 2117 1138 2160 oon
1162 2096 1264 2162 solnm
1294 2098 1416 2180 inutile,

276 2201 333 2265 sed
358 2202 453 2265 etism
477 2199 648 2261 molestum
671 2197 795 2260 videtur
819 2219 899 2262 esse.

320 2317 328 2330 ·
380 2303 591 2366 Difficultates
613 2302 682 2365 tolli
705 2323 799 2385 posse
830 2302 1021 2386 negaverim,
1051 2303 1120 2383 nisi,
1151 2311 1223 2368 uter
1252 2304 1312 2367 hoo
1341 2303 1414 2369 looo

276 2407 316 2470 ob
339 2405 491 2493 Euripide
521 2404 622 2488 possit
652 2405 806 2468 nominari
837 2403 912 2480 ἄναξ
935 2409 1007 2487 γοῖς,
1036 2405 1143 2490 Lyous
1172 2429 1213 2471 an
1245 2407 1414 2490 Hercules,

275 2511 538 2594 quaesiverimus.

379 2611 415 2675 In
433 2611 538 2694 priore
552 2610 679 2678 fabulae
694 2619 785 2694 perte
801 2612 932 2674 verbum
944 2608 1019 2687 ἅναξ
1034 2612 1079 2692 (v.
1092 2615 1164 2693 589,
1176 2617 1248 2692 602,
1262 2616 1337 2696 707)
1354 2636 1413 2680 neo
1504 2683 1511 2694 ,

277 2735 340 2779 non
365 2717 498 2795 κοίρανος
517 2711 633 2796 χθονός
649 2713 693 2794 (v.
713 2714 788 2794 138)
804 2715 927 2801 Lycum
944 2716 1108 2798 significat.
1141 2718 1191 2782 De
1207 2719 1322 2782 eodem
1338 2739 1413 2784 vero

275 2817 435 2900 quomodo
460 2818 516 2880 viri
540 2816 625 2880 docti
649 2818 810 2900 potuerint
832 2819 974 2902 cogitare
998 2839 1026 2882 v.
1051 2821 1112 2884 735
1136 2827 1168 2884 et
1192 2825 1269 2887 736:
1299 2827 1410 2886 Μετα-

273 2916 349 3000 pole}
373 2923 481 2983 κακοῖν
503 2919 599 3002 μέγας
621 2919 636 2984 ὁ
661 2920 778 3002 npo'od'
800 2919 897 3000 ἄναξΙ
919 2920 1008 2986 πάλιν
1036 2922 1220 3008 ὑποστρέφει
1241 2927 1345 3006 βίοτον
1371 2928 1413 3004 εἰς

268 3020 388 3100 Ἅιδαν,
412 3024 557 3108 equidem
576 3025 630 3087 vix
645 3025 806 3110 intellego.
844 3024 925 3089 Nam
942 3027 1079 3111 primum
1095 3028 1228 3092 offendit
1246 3030 1412 3113 epitheton

273 3124 378 3208 μέγας,
401 3134 468 3190 tum
492 3125 508 3189 ὁ
530 3125 645 3209 πρόσθ’
667 3125 742 3202 ἄναξ
757 3129 875 3213 LyouS,
893 3129 969 3192 dum
985 3130 1073 3209 vivit,
1096 3131 1204 3216 inepte
1219 3133 1411 3217 appellatur,

275 3251 345 3294 oum
376 3232 562 3315 praesertim
593 3233 620 3294 is
649 3252 678 3296 v.
710 3234 771 3296 768
802 3233 917 3296 iterum
946 3231 1021 3309 ἄναξ
1046 3243 1077 3299 et
1110 3233 1126 3298 ὁ
1157 3233 1253 3314 κοινός
1284 3235 1411 3320 quidem

273 3335 464 3398 nominetur.
508 3335 571 3398 llio
594 3337 683 3400 loeus
706 3337 875 3401 manifesto
898 3338 1024 3420 indicat,
1053 3341 1124 3424 quis
1147 3341 1235 3404 solus
1258 3337 1273 3403 ὁ
1297 3338 1410 3422 πρόσθ’

273 3435 347 3511 ἅπαξ
369 3440 469 3522 possit
485 3439 647 3523 appellari,
664 3438 821 3503 Hercules
838 3441 969 3520 soilioet,
993 3441 1046 3527 qui
1062 3441 1149 3526 Lyoo
1166 3443 1211 3506 its
1227 3445 1409 3528 opponitur,

274 3549 309 3606 ut
333 3541 384 3606 hie
405 3539 550 3618 ὁκαιοός,
573 3543 641 3626 ipse
663 3541 679 3606 ὁ
705 3545 881 3624 παλαίτερος
904 3541 979 3620 ἅναξ
999 3547 1190 3610 nominetur.
1235 3547 1304 3610 Iam
1328 3567 1411 3631 quae

271 3645 368 3708 fuerit
390 3647 547 3709 sententia
572 3665 717 3710 versuum
743 3649 803 3712 735
830 3655 862 3711 et
893 3650 972 3727 736,
1002 3648 1134 3713 verbum
1159 3648 1261 3726 πάλιν,
1286 3650 1317 3712 in
1344 3670 1407 3734 quo

273 3748 431 3811 neminem
454 3751 593 3812 virorum
616 3749 784 3813 doctorum
808 3751 946 3816 haesisse
963 3753 1069 3830 miror,
1084 3752 1216 3816 indicat:
1239 3750 1310 3817 Non
1329 3751 1409 3837 Lyci

271 3857 375 3914 morte
398 3851 453 3914 sed
474 3851 623 3918 Herculis
646 3873 686 3916 ex
703 3853 789 3918 Oroo
804 3853 909 3918 reditu
926 3855 1064 3919 laetatur
1080 3855 1204 3936 ohorus,
1227 3876 1322 3940 quam
1337 3877 1409 3922 sen-

271 3955 402 4020 tentiam
425 3955 567 4020 effeceris
591 3956 774 4021 scribendo:
808 3955 980 4038 Μεταβολοὶ
1004 3962 1113 4021 κακῶν·
1135 3956 1229 4040 μέγας
1252 3957 1269 4022 ὁ
1291 3957 1407 4040 πρόσθ’

270 4055 344 4133 ἄναξ
364 4073 368 4136 1
388 4056 478 4122 πάλιν
498 4059 679 4145 ὑποστρέφει
701 4061 806 4142 βίοτον
828 4059 955 4136 efflui
965 4086 1015 4124 ov.

373 4162 417 4226 Ut
440 4162 502 4226 iam
525 4164 567 4226 ad
591 4185 664 4228 eum
686 4163 792 4228 losum
808 4163 985 4242 redeamus,
1008 4163 1094 4228 unde
1110 4165 1269 4250 progressi
1285 4185 1406 4238 sumus,

270 4265 323 4348 qui
346 4266 378 4328 in
401 4266 600 4352 antistropha
623 4267 795 4352 respondet
817 4267 960 4333 versibus
984 4272 1046 4337 735
1070 4275 1102 4334 et
1125 4271 1197 4349 736,
1223 4288 1286 4332 vox
1318 4267 1406 4330 πάλιν

269 4369 472 4433 manifestum
496 4370 666 4453 vestigium
689 4373 764 4435 mihi
790 4371 916 4437 videtur
932 4373 1103 4452 continere,
1127 4372 1176 4436 hio
1198 4391 1324 4456 quoque
1341 4391 1403 4434 non
