3274 4934
349 443 390 504 30
873 435 959 517 [242]

455 629 518 704 (Ad
530 611 709 692 Xanchiam
725 627 901 712 Traliptam
917 625 1065 690 ancillam
1082 646 1189 690 amare
1206 625 1322 690 crimen
1339 647 1403 689 non
1417 647 1487 690 essa

350 733 542 821 protreptice
580 731 752 796 tetracoloa
790 755 823 806 τ,
860 728 1113 812 Prosphonetice
1141 729 1312 813 alloquitur
1343 730 1488 794 sodalem

350 859 441 904 auum
459 837 601 901 Foecum
624 853 756 898 monens
780 853 820 896 ne
835 831 962 896 deserat
985 831 1194 896 concubinam
1210 853 1299 896 suam
1316 833 1487 900 Phillidcm

351 951 509 1027 appetens
532 941 628 1004 talam
645 937 746 1023 qualia
763 937 823 1000 luit
834 936 977 1002 Xanthia
993 936 1050 1016 Fr,
1067 937 1317 1022 Prosphonetice
1340 937 1381 1001 ad
1396 937 1488 1002 Xan·

352 1050 449 1114 thiam
464 1046 605 1111 sodalem
617 1065 736 1129 genere
747 1041 889 1106 Foccum
906 1042 1051 1107 ancillam
1069 1063 1176 1106 amare
1194 1043 1311 1107 crimen
1335 1065 1398 1108 uon
1415 1065 1487 1110 esse

351 1150 395 1234 y).
430 1147 611 1232 Utrumque
627 1168 753 1211 carmen
770 1152 902 1230 propter
924 1152 1147 1230 argumentum
1171 1148 1401 1230 protrepticum
1425 1146 1487 1210 dici

351 1255 436 1320 licet.
482 1253 520 1316 cf.
544 1249 799 1337 prosphonetico

503 1355 601 1436 VIII)
649 1351 1003 1418 SYMBVLEVTlOE.

454 1459 516 1524 *ΙΙ
540 1463 576 1524 3:
599 1459 741 1543 Aequam
763 1463 910 1520 trecento
934 1456 1025 1521 rebus
1047 1459 1080 1520 in
1105 1457 1219 1520 arduis
1241 1464 1296 1520 etc.

455 1564 656 1645 (Paraneticc
687 1562 783 1625 immo
816 1561 1045 1645 symboleutice
1068 1561 1302 1642 (simboleutice
1325 1559 1356 1641 y)
1382 1560 1488 1625 Dellio

351 1668 411 1749 Fy,
433 1667 621 1732 Parauctice
644 1665 873 1751 symboleutice
887 1664 1002 1728 llellio.
1033 1665 1172 1728 Dellium
1196 1665 1367 1748 alloquitur
1383 1665 1489 1750 adque

350 1771 549 1850 cohortatur
571 1791 643 1834 eum
667 1769 708 1833 ad
731 1769 905 1854 equitatem
929 1769 1025 1832 animi
1060 1774 1090 1832 ot
1113 1769 1310 1852 voluptatem
1338 1771 1489 1854 quoniam

352 1897 437 1940 mors
460 1881 636 1960 sequutura
661 1873 803 1936 obnubet
826 1893 937 1935 omnes
961 1876 999 1950 ll.

454 1977 514 2042 *ΙΙ
541 1981 597 2042 ll:
622 1977 687 2041 Cur
709 1998 756 2039 irre
778 1977 923 2060 querellis
945 1978 1109 2040 exanimes
1132 1976 1217 2040 tuis?
1239 1983 1295 2040 etc.

454 2081 708 2166 (Symboleutice
739 2080 779 2143 ad
810 2080 1007 2144 Mecenatenr
1038 2075 1103 2158 m,
1129 2079 1318 2144 Paraneticc
1341 2079 1392 2144 vel
1415 2079 1489 2142 sim·

351 2185 509 2250 bolcuticc
544 2183 584 2248 ad
616 2184 814 2247 Mecenatem
850 2207 877 2264 y,
912 2183 962 2246 Ad
997 2183 1198 2248 Mecenctern
1228 2184 1409 2268 paranetioc
1441 2190 1488 2246 te·

351 2288 489 2354 tracoloo
514 2287 555 2368 τ).
600 2287 780 2372 Utrumque
805 2307 932 2350 carmen
955 2289 1024 2371 pari
1051 2286 1120 2351 iure
1150 2287 1360 2371 paraeneticis
1392 2293 1488 2370 atquc

351 2391 593 2478 symbulcuticie
616 2389 815 2455 adscribitur.

507 2493 623 2568 vum
668 2493 870 2560 unomen.

456 2598 473 2661 I
496 2601 531 2661 8:
555 2598 672 2682 Lydio,
697 2599 758 2680 die,
775 2621 837 2682 per
859 2619 963 2666 omnes
985 2605 1039 2664 etc.

454 2701 595 2782 (Ilroticc
619 2701 739 2766 dicolos
762 2703 802 2766 ad
827 2703 950 2765 Lidiam
974 2701 1055 2783 Fl73
1080 2701 1152 2765 add.
1177 2721 1209 2782 y:
1234 2696 1459 2782 meretricem).

454 2803 485 2885 (l
512 2808 567 2867 13:
592 2803 670 2868 Cum
692 2812 736 2885 tu,
759 2804 877 2890 Lydia,
901 2805 1027 2888 Telephi
1051 2811 1103 2868 etc.
1135 2821 1136 2824 ’

455 2907 599 2987 (Erotica
623 2908 743 2973 dicolos
767 2909 806 2972 ad
819 2909 954 2993 Lydiam
965 2908 1029 2990 F73
1053 2907 1126 2973 add.
1151 2929 1184 2989 y:
1207 2905 1488 2990 dc'l'heleplro.—

351 3011 480 3076 Erotice
504 3012 636 3096 dyeoloa
658 3013 831 3097 alloquitur
854 3012 976 3078 Lidiam
999 3013 1197 3076 meretricem
1219 3013 1327 3094 aitque
1350 3017 1488 3074 tormen·

352 3123 420 3180 tum
445 3137 514 3179 case
539 3136 610 3179 curn
632 3115 777 3201 Telephy
799 3116 933 3180 formam
956 3115 1084 3180 laudact
1107 3121 1148 3195 l).

456 3217 471 3281 I
498 3221 553 3282 19:
576 3219 684 3282 Mater
707 3239 801 3282 saeue
824 3218 1008 3301 cupidinum
1030 3225 1085 3282 etc.

455 3319 599 3403 (Erotice
622 3321 741 3386 dicolos
764 3321 920 3404 Glycerae
943 3319 1015 3395 Fa).

454 3423 552 3488 *1111
580 3429 616 3488 1:
661 3419 860 3504 Intermissa,
887 3423 1002 3505 Venus,
1025 3424 1082 3487 (liu
1105 3431 1159 3489 etc.

455 3526 667 3610 (Allogoricos
698 3548 717 3590 a
745 3547 779 3591 sc
810 3528 844 3608 (a
873 3547 907 3589 oe
931 3547 990 3590 om.
1017 3528 1050 3606 λ)
1082 3525 1222 3591 affirmat
1244 3547 1285 3590 ex
1308 3526 1488 3590 intermisso

351 3631 445 3694 scribi
476 3631 615 3694 carmina
644 3628 684 3692 cd
714 3627 875 3694 Venerem
907 3629 1012 3692 eutice
1042 3629 1161 3692 erotica
1190 3628 1312 3692 dicolos
1340 3625 1490 3712 (dieopos

351 3733 393 3815 Β)
419 3737 515 3810 Asu
538 3734 613 3797 item
639 3756 666 3814 y,
689 3733 744 3798 scd
768 3733 968 3818 praeposito:
992 3732 1032 3796 ad
1056 3731 1193 3796 Fabium
1218 3733 1418 3813 Maximum).

456 3835 525 3899 IIII
555 3837 608 3899 10:
641 3833 667 3899 0
699 3835 836 3898 erudelis
866 3835 971 3900 adhue
1000 3842 1028 3898 ct
1062 3833 1194 3900 Veneris
1224 3833 1405 3900 rancoribus
1432 3856 1489 3919 po·

352 3947 418 4004 tens
440 3946 495 4004 etc.
656 4018 658 4022 Α

454 4043 520 4126 (Ad
543 4045 731 4128 Ligurinum
753 4065 888 4128 puerum
919 4047 996 4122 (om.
1022 4043 1101 4109 ΑΒ)
1132 4045 1311 4130 speciosum
1342 4047 1373 4106 et
1401 4063 1491 4107 arro·

353 4154 484 4230 gantcrn
515 4146 683 4212 adversum
715 4149 850 4213 maiores
882 4149 1057 4229 (amatores
1086 4149 1118 4230 y)
1149 4149 1267 4213 erotice
1301 4145 1490 4210 monocolon

352 4254 478 4332 Asty).

455 4354 525 4418 llll
553 4360 606 4420 ll:
632 4355 691 4420 Est
713 4356 789 4419 rnibr'
811 4377 925 4419 nostum
950 4357 1131 4440 superantis
1155 4375 1274 4416 ostreum
1297 4359 1351 4417 ete.
