3244 4932
718 505 807 590 [157]

193 705 337 790 Ohocph.
360 705 423 768 436
448 708 480 767 et
504 700 582 765 437:
608 703 667 765 441
694 705 726 765 et
750 701 812 764 442

348 806 429 872 ἕκατι
452 805 510 886 μὲν
533 802 685 885 δαιμόνων
708 811 770 869 ant.
794 802 892 885 μόρον
914 805 1011 868 κτίσαι
1032 800 1158 883 μωμένα

346 911 427 975 ἕκατι
450 907 564 990 ὕ’ἇμᾶν
582 913 681 992 χερῶν
790 904 925 992 ἄφερτον
948 908 1032 971 αἰῶνι
1056 909 1112 994 σῷ.

193 1017 254 1080 hoc
277 1015 390 1081 modo:

574 1119 600 1172 (ι’
614 1138 649 1147 -
670 1136 689 1170 υ
707 1136 747 1146 -
768 1100 773 1180 1
792 1128 833 1150 ²-
852 1139 870 1170 υ
889 1135 938 1163 -·

296 1224 432 1290 Constat
443 1243 552 1288 versus
565 1241 605 1286 ex
626 1219 752 1286 duobus
766 1221 923 1300 diiambis,
935 1221 1037 1286 altero
1047 1219 1219 1286 holociero.
1229 1220 1329 1286 altero

191 1327 292 1414 primo
315 1326 399 1413 peda
422 1332 601 1412 syncopato
624 1325 691 1390 sive
715 1327 832 1390 cretico
856 1327 909 1410 qui
927 1324 1050 1390 dicitur.
1095 1324 1177 1390 Nam
1195 1326 1329 1391 creticus

191 1434 218 1497 is
242 1429 381 1518 quidem,
409 1431 461 1516 qui
485 1439 541 1494 aut
571 1432 714 1495 versibus
738 1436 800 1494 'aut
827 1429 966 1515 strophis
997 1429 1138 1495 iambicis
1168 1431 1330 1496 immixtus

192 1537 318 1622 legitur,
341 1535 417 1600 mihi
440 1535 516 1599 nihil
547 1533 633 1598 aliud
661 1533 789 1600 videtur
819 1557 889 1600 esse
920 1557 1015 1621 quam
1045 1535 1210 1616 diiambus,
1240 1535 1329 1598 cuius

191 1639 293 1726 prima
325 1639 403 1704 arsis
437 1660 494 1724 per
532 1659 705 1724 syncopam
740 1645 788 1704 est
823 1640 949 1703 sublata
984 1645 1016 1704 et
1050 1639 1177 1704 theseos
1210 1640 1330 1726 primae

190 1745 402 1830 productione
426 1745 655 1828 compensata¹
700 1743 818 1809 Differt
840 1751 947 1808 autem
971 1745 1105 1808 creticus
1129 1743 1179 1806 hic
1201 1743 1241 1807 ab
1264 1743 1328 1826 illo,

192 1849 245 1936 qui
273 1848 415 1915 versibus
444 1847 611 1912 trochaicis
642 1848 778 1914 occurrit
809 1850 1006 1931 coniunctus,
1035 1871 1073 1913 eo
1103 1847 1190 1933 quod
1215 1847 1246 1911 in
1269 1847 1331 1911 hoc

192 1952 333 2019 secunda
362 1953 459 2036 longa
486 1959 536 2017 est
566 1953 711 2029 trisemo,
741 1975 812 2018 cum
842 1954 882 2018 sit
912 1953 1129 2025 ditrochaeus,
1161 1952 1249 2016 ouius
1281 1973 1330 2015 sc-

192 2057 297 2123 cunda
319 2057 398 2121 arsis
421 2064 469 2121 est
493 2063 679 2142 syncopato,
703 2057 747 2120 ita
770 2057 1012 2123 describendus:

482 2161 809 2244 —u-a(ortusex
834 2165 1037 2243 -υ-υ);

191 2265 223 2330 iu
244 2266 299 2333 illo
323 2273 445 2348 contra,
468 2271 504 2330 ut
525 2265 586 2330 iam
611 2263 759 2348 diximus,
783 2266 885 2351 prima
908 2267 1003 2353 longa
1026 2274 1075 2332 est
1097 2267 1225 2332 trisemo

445 2396 482 2422 ²-
504 2409 523 2442 υ
540 2406 579 2416 -
599 2368 702 2452 (orbus
726 2377 774 2435 esi
796 2393 837 2436 ex
859 2408 877 2442 υ
895 2413 936 2422 ·-
953 2411 972 2444 υ
990 2383 1055 2446 -1,

293 2473 470 2554 Diiambus‚
493 2476 582 2540 cuius
605 2475 683 2539 arsis
705 2477 807 2542 altera
835 2497 893 2561 per
920 2497 1094 2562 syncopam
1121 2481 1169 2541 est
1192 2474 1328 2552 sublata,

193 2584 241 2641 est
262 2577 289 2642 is
312 2599 377 2663 pes,
400 2578 453 2664 qui
478 2579 627 2644 bacchius
650 2579 806 2666 appellari
828 2579 910 2646 solet

481 2721 499 2753 o
517 2723 557 2733 -
576 2707 614 2735 ι-
641 2681 745 2764 (ortus
769 2705 810 2748 cx
832 2722 850 2755 o
869 2720 907 2730 -
929 2719 947 2756 υ
966 2683 1032 2768 -).

294 2783 340 2848 Ut
363 2785 498 2852 creticus
522 2787 566 2851 ita
589 2786 685 2852 etiam
715 2787 766 2851 hio
788 2807 845 2872 pes
873 2787 1059 2873 saepissime
1089 2787 1157 2852 ricc
1183 2785 1327 2870 fungitur

191 2887 319 2952 diiambi
340 2887 373 2952 in
396 2889 540 2954 versibus
562 2889 715 2974 iambicis,
739 2891 831 2978 primi
853 2891 1052 2976 potissimum
1074 2891 1105 2954 in
1121 2890 1158 2954 iis
1174 2889 1327 2971 versibus,

191 2992 223 3056 in
238 2991 354 3077 quibus
371 2992 499 3058 diiambi
514 2995 644 3059 secundi
661 2995 731 3060 loco
749 2996 883 3061 creticus
898 2995 1015 3080 legitur
1028 2995 1115 3078 (o-
1129 3031 1166 3040 -
1181 3031 1218 3040 -
1230 2990 1325 3075 o—].

292 3095 416 3164 Versus
439 3119 516 3163 vero
539 3099 745 3181 usitatissimi,
767 3101 799 3166 in
822 3101 937 3187 quibus
953 3100 1087 3166 creticus
1102 3105 1159 3165 aut
1176 3097 1325 3164 bacchius

191 3199 320 3267 diiambi
343 3203 413 3268 vioe
435 3201 622 3289 funguntur,
645 3209 720 3269 sunt
741 3205 789 3269 hi:

669 3439 854 3504 Dimetri.

293 3567 326 3650 a)
358 3569 391 3634 ls
422 3567 571 3648 dimeter,
603 3589 697 3656 quem
728 3590 825 3655 supra
855 3570 1094 3655 descripsimus,
1125 3579 1276 3638 constans
1305 3592 1322 3637 e

191 3671 331 3738 diiambo
361 3693 441 3758 puro
473 3679 504 3738 et
532 3675 661 3740 arctico.
712 3673 819 3739 Huius
849 3695 959 3740 versus
989 3675 1136 3760 exempla
1166 3677 1324 3760 congessit

191 3773 372 3860 Weatphal.
395 3777 488 3842 Matr.
510 3776 583 3841 ΙΠ1
607 3799 637 3864 p.
661 3779 733 3844 216.

294 3879 329 3961 b)
351 3879 497 3946 Dimetcr
519 3887 666 3947 constans
691 3904 731 3948 ex
754 3883 891 3948 diiambo
914 3905 994 3969 puro
1026 3892 1057 3948 et
1088 3883 1228 3964 bacchio,
1255 3884 1321 3948 sivo

188 3981 324 4048 dimeter
346 3984 549 4050 catalecticus
572 3986 666 4068 (ῡ-
684 4023 702 4060 υ
720 4021 760 4032 -
779 3993 784 4068 Ι
804 4025 822 4060 o
840 4027 880 4037 -
899 3989 967 4071 Ι--),
992 3990 1078 4055 velut

189 4085 307 4152 Aeseh.
329 4087 419 4153 Para.
444 4091 527 4155 1010
549 4097 581 4155 ot
607 4093 685 4156 1071
712 4091 769 4156 icroi
793 4092 830 4178 δὴ
852 4097 916 4159 και)
940 4091 1018 4157 doru

708 4195 764 4259 imai
788 4200 876 4282 δῆτα,
901 4201 948 4261 vui
969 4199 1026 4262 ναί.

189 4293 246 4359 cfr.
268 4293 451 4382 Weatphal,
474 4296 568 4363 Metu.
592 4298 613 4362 l.
636 4298 657 4362 l.
680 4321 710 4384 p.
734 4301 805 4364 214.

192 4407 394 4418 -η--......

295 4468 303 4502 ¹
324 4471 364 4521 De
384 4473 605 4538 compensatione
626 4489 720 4526 arecon
732 4483 894 4544 suppressas
907 4481 971 4532 autc
984 4481 1071 4536 thesin
1086 4479 1203 4531 solutam
1222 4477 1256 4534 ot.
1268 4480 1283 4546 ,6
1296 4481 1319 4533 7.

1183 4569 1216 4623 pa
