3248 4928
627 443 670 451 -
718 405 804 488 [aaa]
852 443 893 452 -
1288 411 1324 470 τι

189 613 380 659 eonsensum
403 577 615 674 observares
636 615 693 662 eas
725 595 814 680 ipsas
843 595 944 662 luisse
973 595 1014 660 ad
1044 617 1174 662 manum
1198 597 1330 664 falsario

187 697 333 764 arbitror.

274 801 356 868 Sunt
376 807 485 868 autem
508 822 548 868 ex
571 803 832 887 Imaginibus
855 802 991 870 derivati
1007 803 1069 870 loci
1084 802 1133 868 hi:
1161 825 1193 890 p.
1214 809 1254 870 23
1271 805 1329 870 καὶ

188 899 297 982 ἄλλως
332 907 411 992 περὶ
445 899 561 972 αὐτοῦ.
609 904 645 972 ἑκ
681 909 803 994 Θηβῶν
837 903 1022 972 ἐπανιόντα
1051 947 1095 956 -
1121 909 1324 995 teterrimos.

186 1009 246 1075 Im.
272 1009 363 1075 127.
396 1009 409 1095 ΙΙ
439 1011 475 1076 Ρ.
503 1013 543 1075 84
567 1008 743 1076 κολακεύει
767 1009 803 1076 δὲ
825 1050 868 1058 -
892 1015 1131 1093 συμπέτεσθαι
1152 1013 1211 1078 Ιιο.
1237 1013 1270 1078 II
1293 1017 1323 1079 2.

273 1113 440 1180 Heroici
470 1115 556 1181 locos
578 1114 679 1180 Flacb
702 1135 733 1200 p.
761 1117 798 1178 21
825 1135 899 1181 oum
921 1123 1124 1199 congereret,
1158 1115 1265 1183 omisit
1287 1139 1327 1184 ex

187 1215 263 1283 Her.
290 1220 309 1282 9
339 1217 534 1304 descriptum
557 1217 639 1284 Eud.
666 1239 699 1304 p.
726 1221 778 1284 84.
826 1218 926 1286 (iuius
954 1219 1085 1302 glossae
1116 1219 1156 1286 de
1185 1220 1326 1288 fontibus

187 1339 258 1385 cum
281 1321 434 1388 Nitzsehe
456 1329 489 1388 et
509 1322 610 1388 Flach
629 1321 913 1408 Wyttenbachium
936 1323 1037 1389 secuti
1059 1322 1147 1389 haud
1170 1324 1248 1390 satis
1270 1346 1327 1392 ac-

188 1431 297 1492 curate
320 1431 499 1511 exponant,
531 1424 609 1492 data
631 1425 798 1492 occasione
820 1424 960 1510 origines
982 1424 1210 1491 monstrandae
1232 1434 1324 1495 sunt:

189 1533 219 1594 Γ
217 1529 373 1616 scophelo·
394 1566 437 1576 -
461 1521 478 1616 ἡ
503 1527 612 1616 τροφή
635 1530 741 1596 Noun.
759 1529 848 1596 land.
867 1529 943 1594 Bas.
961 1549 993 1614 p.
1014 1532 1051 1592 71
1079 1529 1225 1596 Oreuzer.
1256 1532 1345 1620 Ικη»

188 1637 274 1719 ρίοις
302 1657 336 1698 τε
366 1633 422 1698 καὶ
443 1633 527 1700 Phil.
553 1634 608 1700 im.
634 1635 667 1699 Il
690 1636 734 1718 2).
780 1633 785 1720 Ι
826 1629 1064 1698 κολακεύει-
1088 1625 1327 1716 συμπὲτεσθαι

186 1737 462 1804 Philinus.
508 1745 512 1822 Ι
554 1737 602 1814 εἰς
635 1731 765 1824 ἡλικίαν
787 1775 830 1786 -
853 1733 992 1824 δρόμοις
1021 1736 1104 1802 Phil.
1131 1737 1199 1804 her.
1228 1743 1277 1804 19.
1321 1741 1324 1826 Ι

187 1839 406 1922 ἱππάζεσθαι
434 1879 477 1888 -
506 1835 550 1918 ὡς
577 1841 677 1927 ἵππῳ
707 1840 790 1908 Phil.
816 1841 871 1906 im.
897 1841 919 1906 l.
945 1841 967 1905 l.
1006 1839 1010 1926 Ι
1053 1838 1262 1918 ἐπικαθίσας
1283 1882 1327 1891 -

187 1943 321 2033 τοξικήν
342 1945 448 2012 Noun.
467 1946 489 2010 l.
508 1947 530 2012 l.
568 1947 573 2032 Ι
607 1950 770 2032 γενέσθαι
790 1938 951 2011 αύτὸν-
967 1937 1112 2026 Ἀχιλλεῖ
1126 1945 1183 2010 καλ
1198 1943 1327 2014 Αἴαντι

186 2050 269 2116 Phil.
296 2049 363 2116 her.
391 2053 421 2114 9.
466 2047 470 2136 Ι
512 2039 610 2126 ούτος
639 2087 680 2098 -
710 2053 863 2137 μητέρων
890 2047 974 2112 Phil.
1000 2047 1068 2114 her.
1099 2051 1147 2112 19.
1193 2049 1197 2136 Ι
1240 2041 1257 2114 ὃ
1288 2051 1324 2116 δὲ

186 2154 382 2241 Πολυξένης
410 2193 454 2202 -
483 2161 543 2219 τοῦ
572 2153 674 2239 ζυγοῦ
709 2155 827 2230 (Paete.
861 2153 939 2238 Lyc.
966 2152 1040 2235 269)
1074 2153 1176 2218 Phav.
1203 2155 1276 2218 340.
1320 2157 1323 2240 Ι

187 2256 385 2344 Σώστρατος
407 2296 449 2306 -
473 2251 574 2344 Ἄρην
595 2259 685 2324 Enst.
711 2259 803 2324 Hom.
833 2259 926 2322 1696.
964 2259 969 2342 Ι
1003 2252 1088 2338 μετὰ
1111 2256 1148 2322 δὲ
1171 2253 1327 2326 θάνατον

185 2399 229 2409 -
251 2357 420 2448 Ἄψυρτος
447 2363 567 2446 (Tacta.
589 2363 666 2446 Lyo.
685 2365 736 2445 87)
764 2361 865 2428 Phav.
884 2364 957 2426 3⁴0.
996 2361 1000 2446 Ι
1035 2359 1083 2437 εἰς
1106 2359 1143 2426 τὸ
1164 2355 1327 2430 Ἠλύσιον

186 2467 307 2534 πεδίον
340 2465 618 2554 παραγενόμενος
651 2474 683 2534 et
715 2467 770 2532 καὶ
805 2472 912 2532 ταῦτα
946 2472 1082 2552 πρῶτος
1114 2504 1158 2512 -
1191 2463 1327 2548 ἔντιμον

187 2572 286 2638 Pbav.
314 2576 393 2654 340,
428 2573 483 2640 ubi
505 2592 577 2637 cum
600 2569 707 2636 Schol.
733 2571 794 2655 Ap.
821 2569 881 2634 Rb.
908 2569 952 2634 IV
976 2571 1036 2632 art
1061 2569 1230 2637 coniuncta
1252 2577 1327 2636 sunt

185 2675 285 2742 verba
307 2683 354 2761 τῷ
376 2670 584 2758 Ἀχιλλεῖ-
607 2673 744 2756 ἔντιμον
765 2673 875 2740 nescio
898 2673 983 2740 unde
1005 2673 1116 2760 petita.
1154 2675 1159 2758 Ι
1193 2674 1326 2758 λέγεται

186 2819 229 2828 -
251 2800 283 2865 p.
310 2782 351 2844 86
373 2773 555 2862 εὐωχοῖντο
578 2778 661 2842 Plril.
688 2777 755 2843 ber.
785 2781 842 2858 19,
869 2775 927 2842 sed
951 2783 1069 2842 mutua
1092 2777 1202 2844 ordine
1226 2798 1326 2844 mem-

187 2883 327 2950 brorum.
365 2883 370 2970 Ι
405 2884 540 2969 λέγουσι
563 2881 599 2948 δέ
622 2904 775 2958 τινες-
797 2878 928 2963 μεδέεις
949 2881 1040 2946 Eust.
1067 2879 1163 2947 Dion.
1189 2885 1264 2948 306.

273 3091 291 3175 Ι
317 3095 367 3157 13.
415 3091 653 3158 BYZANTINI
676 3089 886 3154 annalium
910 3089 1143 3174 scriptores
1165 3089 1227 3155 etsi
1249 3089 1326 3156 editi

187 3195 310 3261 falsarii
334 3195 529 3281 temporibus
550 3194 646 3280 pauci
668 3199 770 3275 erant,
797 3199 907 3258 tamen
922 3193 1071 3258 Basileae
1087 3214 1150 3260 non
1173 3193 1325 3260 mediocri

187 3299 294 3366 studio
316 3299 349 3366 in
364 3299 514 3368 Latinum
537 3299 743 3366 vertebantur
758 3304 791 3362 et
806 3296 930 3362 Graece
946 3295 999 3362 edi
1015 3297 1119 3382 coepti
1135 3303 1219 3362 sunt.
1260 3295 1328 3361 Ne-

187 3422 249 3486 que
272 3423 328 3469 sos
350 3403 515 3487 neglectos
536 3421 611 3468 esse
633 3421 655 3466 a
669 3399 795 3466 violarii
812 3406 941 3466 auctore
957 3401 1008 3466 vel
1025 3399 1100 3466 inde
1115 3405 1214 3486 patet,
1239 3397 1327 3482 quod

186 3505 350 3572 Eudociae
372 3505 499 3571 nomine
523 3505 637 3571 librum
661 3501 824 3588 inscripsit
846 3508 878 3568 et
896 3503 939 3569 ad
954 3504 1131 3568 Romanum
1147 3501 1326 3586 Diogenem

187 3609 334 3676 maritum
350 3609 602 3676 conscribentem
618 3627 690 3674 eam
702 3607 805 3674 finxit.
831 3607 922 3686 Quae
938 3607 1068 3672 nomina
1083 3627 1101 3672 e
1114 3605 1228 3672 oodmi
1244 3606 1327 3673 serie

186 3715 412 3798 imperatorum
439 3711 500 3795 (ed.
527 3713 627 3777 Boun.
654 3733 685 3796 p.
717 3715 800 3792 157),
827 3711 889 3776 uisi
913 3710 1017 3793 fallor,
1043 3710 1141 3790 novit,
1167 3709 1326 3793 siquidem

186 3815 273 3902 apurd
296 3837 369 3881 eum
391 3835 490 3882 uuum
513 3815 832 3882 Macrembolitissam
859 3834 1036 3898 cognomen
1058 3813 1196 3881 invenio.
1244 3815 1326 3882 Cum

188 3919 386 4005 Theophane
420 3919 464 4002 (p.
491 3921 552 3982 527
577 3919 692 4002 Bono.)
727 3925 783 3984 aut
812 3917 956 3984 Cedreuo
992 3919 1032 4004 (p.
1060 3921 1122 3982 754
1146 3917 1259 4004 Boon.)
1294 3920 1327 3985 in

188 4025 298 4108 glossa
320 4023 400 4108 περὶ
415 4019 575 4108 Χάρητος
596 4043 628 4106 p.
648 4025 709 4086 429
734 4021 894 4104 quaedam
916 4041 1092 4105 congruere
1115 4029 1200 4089 recte
1217 4022 1327 4089 obser-

187 4135 242 4192 vat
264 4127 365 4192 Flach
388 4149 420 4212 p.
447 4129 499 4190 35.
547 4125 644 4190 lottlis
667 4125 856 4210 compendio
885 4127 925 4210 (p.
952 4127 993 4188 22
1016 4126 1131 4210 Bonn.)
1159 4126 1247 4192 locus
1270 4125 1328 4193 de-

187 4233 281 4298 betur
303 4252 335 4316 p.
355 4233 416 4295 366
432 4225 517 4312 μετὰ
533 4233 682 4314 Δαρεῖον
703 4265 745 4275 —-
768 4249 800 4314 p.
821 4231 882 4294 367
902 4226 941 4294 ὃν
956 4222 1175 4318 Ἀλέξανδρος
1190 4280 1323 4296 ......

188 4336 338 4404 καθεῖλε.
367 4335 472 4401 Verba
483 4331 570 4400 κατά
582 4357 677 4410 τινας
689 4351 786 4419 supra
797 4333 915 4400 lineam
928 4341 1061 4402 exarata
1072 4341 1146 4402 sunt
1157 4336 1191 4402 in
1202 4336 1324 4418 codice,
