3238 4930
780 495 869 580 [19¹]
957 447 959 450 Ι
1353 507 1392 566 oa

360 691 412 760 10)
426 687 500 754 Eur.
514 687 569 752 Or.
583 689 668 750 150a
685 684 773 768 λόγον
788 685 901 764 ἀπόδος
913 686 962 772 ἐφ’
973 685 992 751 d
1004 715 1030 751 tr
1043 688 1147 772 (χρέος
1160 689 1286 771 ἕμόλετέ
1298 692 1395 772 nors),

334 780 336 784 ¹
362 797 415 873 11)
440 791 513 856 Hel.
539 794 601 856 696
625 787 674 853 dte
697 789 840 871 μέλαθρα
863 789 953 874 λέχεά
978 792 1121 872 (r'elrrrou
1144 794 1181 857 ου’
1201 798 1342 878 λιποῦσ’).

358 897 420 960 llic
444 917 594 960 numerus
619 896 755 978 exiguus
779 915 842 956 non
866 896 968 958 solum
993 895 1212 961 dochmiorum
1235 907 1308 982 post
1332 900 1393 984 syl·

255 1001 359 1064 labara
384 1006 540 1084 quartam,
564 997 620 1062 sed
644 999 740 1062 etiarn
764 997 984 1062 dochmiorum
1010 1007 1079 1084 post
1098 1002 1269 1066 secundam
1289 1003 1392 1068 thesin

256 1106 393 1170 solutam
417 1105 599 1182 incisarum,
623 1123 686 1186 quc
710 1103 780 1164 loco
806 1101 1023 1166 dochiniorum
1048 1111 1080 1168 ct
1103 1105 1204 1168 forma
1234 1108 1393 1192 primitiva

256 1218 288 1273 et
305 1207 387 1272 thesi
403 1208 505 1292 prima
522 1206 590 1269 sola
607 1205 712 1269 solnta
727 1205 896 1289 insignium
908 1207 1077 1269 maximam
1091 1217 1215 1292 partem
1229 1229 1394 1274 caesuram

255 1311 407 1374 exhibere
431 1309 640 1386 ostendimus,
669 1309 746 1373 satis
772 1307 991 1373 demonstrare
1021 1311 1096 1374 mibi
1127 1311 1252 1376 videtur
1281 1321 1394 1397 poetas

256 1413 398 1477 consulto
424 1421 455 1477 et
477 1413 668 1477 abstinuisse
691 1412 723 1476 in
747 1411 900 1476 docbnriis
924 1412 1065 1478 thesibus
1090 1404 1200 1479 solutis
1224 1415 1393 1481 decurren-
1421 1447 1423 1450 ·

255 1517 339 1581 tibus
356 1517 415 1581 hac
431 1537 563 1582 caesura
579 1524 611 1580 et
626 1515 772 1580 incidisse
790 1537 900 1581 ornnes
918 1516 976 1580 hos
993 1516 1158 1582 dochinios
1174 1527 1246 1602 post
1258 1520 1392 1603 primam

257 1620 371 1686 thesin.

360 1723 423 1788 Cur
447 1733 555 1790 antem
578 1725 608 1787 in
633 1725 692 1787 hac
716 1723 934 1787 doclrmiorum
958 1725 1058 1787 classo
1082 1745 1101 1786 a
1124 1726 1235 1808 regula
1254 1725 1396 1807 generali

255 1828 444 1892 recesserint
460 1835 586 1913 poetae,
610 1829 662 1890 vix
678 1827 772 1890 aliam
788 1834 867 1911 puto
885 1847 1011 1890 causam
1028 1849 1122 1911 posse
1139 1828 1277 1911 reperiri,
1300 1849 1395 1912 quarn

258 1932 344 2016 quod
374 1953 505 1996 necesse
535 1931 631 1996 fuerit
662 1951 763 1995 vacuo
795 1941 939 2014 temporo
971 1933 1168 2014 compensari
1200 1931 1282 1994 arsin
1315 1933 1397 1995 inter

257 2035 336 2100 duas
359 2037 468 2100 theses
492 2037 613 2100 solutas
637 2057 694 2120 per
716 2055 889 2118 syncopam
912 2035 1082 2100 sublatam.
1167 2059 1170 2066 ⁴

359 2140 525 2204 stabilitur
549 2139 644 2222 igitur
668 2137 773 2202 denuo
794 2138 977 2202 coniectura
999 2145 1118 2220 nostra,
1141 2136 1223 2221 poda
1248 2136 1396 2202 dochmio

243 2245 311 2327 -qui
334 2243 450 2308 dicitnr
474 2243 555 2308 effici
579 2243 749 2327 tripodium
773 2242 939 2308 iambicam
958 2261 1100 2326 syncopa
1115 2263 1223 2305 aracos
1239 2239 1398 2304 secundae

258 2348 472 2433 conspicuam.

361 2450 488 2514 Paucos
511 2451 583 2514 illos
606 2469 717 2514 versus
740 2449 897 2529 undecim,
928 2449 982 2533 qui
1009 2447 1083 2512 huic
1112 2447 1313 2512 coniecturae
1344 2448 1399 2511 ob·

258 2561 343 2618 stare
367 2553 525 2630 videntur,
550 2575 590 2618 nc
615 2575 694 2638 opus
725 2553 852 2638 quidem
883 2560 930 2618 ast
959 2572 1067 2616 omnes
1098 2553 1223 2616 mutari.
1269 2551 1399 2615 Possint

260 2660 343 2724 eninr
367 2657 397 2738 ii,
422 2658 475 2740 qui
499 2679 516 2719 a
540 2657 662 2741 syllaba
688 2658 775 2720 brevi
796 2657 959 2748 incipiunt,
984 2676 1054 2719 esse
1070 2654 1226 2738 tripodiac
1242 2655 1398 2718 iambioae

257 2763 359 2847 primo
384 2762 466 2846 pede
498 2769 696 2847 syncopatae
726 2762 770 2845 (Λ
791 2755 1032 2840 &umal-⁶¹),
1063 2779 1140 2842 quos
1171 2778 1280 2822 vorsus
1311 2759 1396 2822 baud

253 2889 331 2931 >raro
356 2887 521 2932 occurrere
546 2867 744 2930 consociatos
769 2865 921 2928 dochmiis
946 2863 1026 2926 infra
1058 2869 1249 2945 exponetur.
1295 2861 1400 2926 Favet

260 2977 367 3035 autern
391 2971 464 3056 huic
488 2969 704 3054 explicationi,
729 2966 815 3052 quod
832 2967 936 3030 nullus
953 2967 1065 3029 horum
1083 2985 1231 3028 versuum
1249 2963 1400 3027 cohaeret

260 3097 331 3139 curn
355 3095 449 3137 vorsu
472 3073 684 3158 praecedente
709 3073 851 3136 eiusdem
872 3070 1020 3135 vocabuli
1047 3069 1184 3149 vinculo,
1208 3068 1263 3132 sod
1289 3088 1400 3130 omnes

259 3178 401 3264 aprima
434 3177 509 3240 novi
534 3175 680 3240 vocabuli
703 3175 829 3260 syllaba
852 3175 1016 3259 incipiunt,
1048 3178 1083 3234 ut
1112 3171 1281 3255 quominus
1309 3169 1398 3232 initio

260 3283 320 3348 coli
355 3301 455 3366 pausa
489 3287 666 3358 statuatur,
701 3280 777 3342 nibil
811 3277 972 3362 impediat,
1025 3274 1094 3338 Nec
1130 3273 1313 3337 dubitamus
1341 3271 1401 3334 hoc

260 3386 356 3450 modo
388 3385 550 3468 explicare
580 3405 706 3462 versus,
738 3384 792 3467 qui
824 3384 855 3446 in
887 3381 1017 3446 canticis
1049 3383 1234 3450 occurrunt,
1266 3397 1400 3460 quorum

260 3488 414 3553 dochmiis
430 3489 525 3551 etiam
542 3488 623 3552 aliae
639 3487 796 3570 tripediae
811 3485 964 3549 iambicae
981 3493 1036 3546 aut
1052 3479 1208 3562 ὁλόκληροι
1231 3489 1285 3542 aut
1310 3486 1400 3542 antra

260 3593 375 3678 pedem
400 3588 576 3656 secundum
609 3595 804 3671 syncopatae
837 3585 999 3648 admixtae
1032 3587 1115 3646 sunt.
1168 3580 1281 3663 Itaque
1312 3579 1401 3641 illum

261 3716 389 3760 versum
414 3717 454 3759 ex
479 3692 594 3755 Aeacii.
618 3691 679 3774 ng.
702 3689 878 3774 prolatum:
921 3675 929 3686 ⁸

414 3851 522 3913 lll3a
545 3845 677 3928 tndpsva
700 3844 851 3926 προτέροις
895 3863 1041 3906 necnon
1064 3837 1275 3924 strophioum:

411 3955 493 4016 1162
545 3951 577 4013 τί
600 3950 668 4014 aride
692 3945 782 4028 ropdv
804 3945 884 4029 ἄγαν
906 3943 988 4028 (ἔπος
1011 3945 1152 4026 ἐφημίσω
1165 3941 1196 4022 τ),

263 4131 368 4194 aquo
399 4108 499 4172 altera
527 4127 602 4190 pars
631 4101 781 4187 strophae
813 4101 978 4164 continens
1009 4097 1095 4160 chori
1126 4105 1253 4160 centum
1285 4093 1402 4176 incipit,

264 4211 309 4276 sic
328 4211 558 4275 describemus:
585 4223 611 4293 Λ
634 4233 668 4278 ω
685 4245 703 4276 u
720 4231 754 4275 cr,
771 4241 790 4276 υ
807 4243 858 4284 -,
883 4225 955 4268 cum
985 4201 1172 4285 praesertim
1200 4200 1294 4262 etiarn
1318 4196 1404 4280 prior

263 4336 346 4399 pars,
363 4333 445 4399 quae
463 4311 610 4376 vaticinia
623 4308 824 4376 Cassandrae
841 4307 1070 4396 complectitur,
1086 4325 1105 4367 a
1119 4301 1256 4390 tripodis
1268 4299 1404 4368 iambica

265 4419 411 4505 incipiat:
