3226 4932
603 477 645 488 .-
693 441 777 523 [acc]
825 475 869 488 -
1262 442 1302 502 57

166 631 298 696 Summa
333 649 408 696 vero
444 629 583 694 omnium
614 629 753 696 colorum
783 636 833 694 est
861 631 934 694 834.
982 627 1051 707 Quo
1084 648 1214 695 numero
1243 627 1303 694 ad-

165 733 266 800 hibito
289 731 503 816 frequentiam
524 731 664 798 colorum
686 730 1006 798 extraordinariorum
1029 731 1287 799 aestimabimus:

257 841 283 900 1.
310 833 510 920 Pentapcdia
539 834 700 920 dactylica
721 834 900 918 acatalecta
921 834 1032 902 exiens
1053 835 1087 900 in
1109 833 1215 902 medic

312 957 406 1004 versu
1234 1001 1237 1008 ,
1269 940 1300 1002 2.

493 1077 517 1087 -
531 1057 582 1088 W
598 1077 620 1088 -
635 1058 687 1090 W
702 1078 724 1088 -
740 1057 973 1089 ......

257 1149 287 1209 2.
313 1143 509 1230 Tetrapcdia
537 1143 696 1228 dactylica
723 1144 902 1210 acatalecta
924 1145 1035 1211 exiens
1057 1145 1091 1210 in
1114 1143 1218 1211 medio

312 1267 408 1314 versu
1226 1293 1229 1312 .
1251 1250 1300 1312 12.

547 1350 571 1397 L
587 1365 638 1401 w
653 1386 675 1396 -
691 1365 742 1396 w
757 1387 779 1394 -
795 1367 846 1398 υυ
862 1387 883 1396 -
899 1349 924 1395 Ξ

257 1457 285 1518 3.
313 1453 508 1538 Tetrapodia
529 1451 691 1538 dactylica
713 1453 901 1519 catalectica

313 1558 340 1640 a)
368 1556 479 1622 exiens
500 1555 534 1620 in
557 1555 660 1621 medic
682 1575 777 1622 versu

567 1676 885 1728 Lw-w-wr
1272 1681 1303 1741 2,

314 1781 343 1862 b)
371 1779 481 1844 exiens
503 1779 537 1844 in
560 1785 701 1845 extremo
724 1798 819 1845 versu

567 1897 905 1948 Lw-vv-w!
1275 1908 1303 1966 1

259 2009 288 2067 4.
315 2001 469 2087 Tripodia
491 2001 652 2088 dactylica
673 2003 853 2068 acatalecta
886 2001 1068 2084 (secundum
1091 2003 1221 2069 schema

316 2105 510 2187 metricum),
537 2105 717 2191 tetrapodia
737 2105 899 2190 dactylica
920 2105 1108 2171 catalectica
1129 2107 1222 2173 tcrtr'o

316 2208 399 2292 pede
422 2215 598 2292 syncopata
625 2207 811 2291 (secundum
834 2207 1026 2292 rhythmum)
1054 2209 1165 2275 exiens
1187 2209 1221 2275 in

317 2319 457 2377 extremo
479 2329 575 2377 versu
1254 2317 1306 2378 32.

598 2429 876 2484 Luv-w1‚„!

261 2541 290 2598 5.
317 2533 471 2619 Tripodia
503 2533 664 2618 dactylica
697 2533 884 2600 catalectica
916 2534 1026 2600 exiens
1056 2535 1089 2600 in
1119 2535 1224 2601 medic

316 2657 412 2703 versu
1257 2643 1305 2703 17.

618 2740 641 2787 L
656 2755 707 2787 w
722 2777 743 2786 ..
759 2756 811 2788 w
828 2757 854 2792 c,

260 2849 291 2908 6.
316 2842 456 2928 Dipcdia
488 2842 648 2928 dactylica
684 2844 863 2909 acatalecta
900 2843 1010 2908 exiens
1048 2843 1081 2907 in
1118 2846 1224 2911 medic

317 2966 411 3012 versu
1277 2952 1308 3011 4.

658 3049 681 3096 L
696 3065 747 3097 w
763 3086 782 3094 -
801 3049 826 3094 Ξ

261 3157 292 3216 7.
317 3152 458 3237 Dipodia
480 3151 642 3237 dactylica
663 3151 851 3218 catalectica

319 3259 347 3336 a)
376 3255 486 3322 exiens
509 3255 543 3319 in
565 3254 670 3322 medic
692 3273 787 3320 versu
1260 3257 1309 3318 13.

675 3375 698 3422 L
713 3391 764 3421 w
781 3393 807 3427 t.

318 3477 347 3558 b)
375 3478 485 3543 exiens
508 3478 540 3542 in
563 3485 705 3544 extremo
728 3497 824 3543 versu
1260 3481 1308 3542 14.

262 3704 292 3764 8.
318 3701 473 3784 Epitritua
506 3700 702 3768 acatalectus
741 3701 926 3782 [secundum
957 3701 1088 3768 schema
1118 3701 1226 3766 metri-

319 3805 422 3884 cum),
457 3803 596 3888 tripodia
624 3803 787 3869 trochaica
810 3803 998 3870 catalectica
1020 3805 1121 3872 altero
1144 3804 1228 3889 pede

319 3913 496 3992 syncopata
530 3905 714 3989 (secundum
740 3907 933 3990 rhythmum]
967 3907 1079 3974 exiens
1107 3908 1140 3972 in
1171 3927 1228 3972 ex-

318 4017 419 4075 tremo
442 4029 536 4074 versu
680 4091 686 4110 ν
1260 4015 1313 4075 52.

661 4111 824 4164 ὢυμὲ

662 4165 699 4176 -,

261 4219 291 4280 9.
318 4215 473 4300 Epitritus
496 4214 702 4280 catalecticus
724 4215 835 4281 exiens
858 4216 891 4282 in
915 4215 1020 4281 medio
1043 4235 1137 4283 versu
1259 4219 1311 4282 24.

680 4319 804 4401 νῖὲυι
