3248 4928
277 377 317 441 es
802 375 887 456 [roo]
934 411 976 420 -

276 565 353 650 poni
380 565 495 629 solet«
540 563 689 630 Ceterum
718 562 836 629 iniuria
865 584 887 628 a
909 561 1010 628 Suida
1038 562 1154 628 abesse
1182 569 1290 628 narrat
1310 562 1414 626 Flaoh

277 690 311 754 p.
326 673 378 750 44,
393 687 477 751 quse
492 673 637 734 extrema
652 666 728 733 feeit
739 666 884 734 Eudooia
899 663 985 732 κατὰ
996 670 1213 752 Χριστιανῶν
1223 664 1344 750 λόγους
1359 663 1412 730 ιε’.

277 772 384 838 Habet
406 771 491 837 enim
513 771 570 837 ille
592 770 624 836 in
648 769 754 837 medio
776 770 844 838 fere
867 771 982 857 eapite.

361 876 398 940 P.
424 878 486 940 365
520 874 601 961 περὶ
630 871 790 962 Πρόκλου
819 881 880 941 τοῦ
909 879 1064 940 στωϊκοῦ.
1111 870 1307 961 Μαλλότιγς
1340 894 1412 940 oum

278 978 398 1046 Suidae
414 979 503 1062 vulg.
521 977 624 1046 oodex
637 978 810 1060 Eudoeiao,
838 976 1032 1066 Μαλλώτης
1047 977 1158 1064 optimi
1174 977 1294 1044 Suidae
1309 978 1384 1044 libri
1409 1050 1412 1060 ,

278 1081 406 1168 ἐ’γραψε
430 1080 516 1146 κατὰ
534 1075 736 1168 Ἐπικούρου
757 1081 874 1164 βιβλία
890 1080 917 1148 ὅ
924 1132 931 1146 .
957 1082 1037 1169 ντερί
1053 1087 1219 1168 προνοίας
1233 1081 1351 1164 βιβλία
1364 1079 1411 1164 β.

277 1187 367 1254 Ηοσυ
389 1207 464 1267 una,
489 1185 553 1252 nisi
576 1185 682 1268 fallor,
708 1193 817 1252 narrat
838 1185 993 1253 audoeia.

363 1289 399 1356 P.
425 1292 488 1355 366
511 1289 591 1375 περὶ
613 1284 774 1374 Πρόκλου
795 1295 856 1354 τοῦ
877 1293 1025 1356 Λυκίου.
1050 1286 1252 1378 μητρῳακὴν
1271 1289 1413 1372 βίβλον·

277 1392 327 1460 ἔτι
349 1393 386 1459 δὲ
409 1393 577 1480 περὶτῶν
599 1397 691 1460 θεῶν
713 1393 908 1478 θεολογίαν.
948 1391 1078 1480 ’ἔγραψε
1101 1395 1158 1458 καλ
1180 1390 1291 1458 πολλὰ
1313 1387 1412 1472 ἄλλα,

279 1491 366 1585 ὅπερ
390 1490 451 1579 οὐχ
473 1490 674 1584 εὑρίσκεται.
720 1497 810 1564 Haeo
837 1497 871 1562 in
900 1517 1013 1564 rasura
1042 1497 1128 1583 pieta
1153 1504 1227 1564 sunt
1247 1497 1280 1563 in
1302 1495 1414 1563 oodiee

277 1609 346 1668 orta
374 1601 443 1668 sine
473 1600 570 1666 dubio
600 1621 618 1667 e
641 1600 762 1668 Suidae
791 1600 898 1667 verbis
925 1601 994 1666 his:
1020 1596 1199 1688 Ἔγραψε
1222 1598 1415 1688 Πρόκλος

280 1710 321 1770 Μ
328 1700 551 1792 ητρῳακὴν
572 1704 740 1786 βίβλον,
769 1701 808 1791 ἢν
829 1702 862 1770 εἲ
882 1727 932 1781 τις
954 1701 1039 1787 μετὰ
1061 1715 1176 1790 χεῖρας
1191 1701 1301 1787 λάβοι,
1328 1700 1415 1788 des-

279 1833 334 1873 ται
363 1801 407 1884 ὡς
438 1801 498 1874 οὐκ
528 1803 609 1873 ἄνευ
636 1811 737 1884 θείας
758 1815 956 1895 κατακωχῑγς
983 1805 1055 1895 τὴν
1083 1809 1310 1894 θεολογίαν
1338 1805 1415 1895 τὴν

278 1912 376 1999 τιερλ
403 1910 477 1999 τὴν
505 1908 610 1978 θεὸν
638 1909 801 2000 ἐξέφηνεν
823 1905 964 1979 ἅπασαν
986 1937 1016 1976 κ.
1042 1937 1071 1976 τ.
1097 1913 1127 1978 λ.
1173 1913 1271 1996 Atqui
1292 1912 1415 1978 haeae

277 2015 392 2082 Marini
414 2016 482 2084 vita
499 2015 603 2082 Prooli
626 2023 754 2102 sumpta
776 2036 849 2083 esse
871 2017 936 2082 iam
951 2017 1091 2084 Koestsr
1111 2017 1284 2103 perspexit,
1310 2036 1415 2102 neque

280 2141 350 2188 oum
373 2119 497 2188 Marino
519 2139 623 2205 neque
646 2141 718 2186 eum
741 2121 833 2186 bonis
856 2120 977 2187 Suidae
1000 2120 1090 2186 libris
1104 2119 1260 2202 Eudooia,
1285 2119 1354 2202 sed,
1381 2127 1417 2186 ut

277 2224 370 2307 solet,
396 2244 468 2290 oum
492 2224 622 2309 vulgato
644 2229 733 2290 textu
756 2224 934 2310 conspirat:
965 2222 1026 2311 τὴν
1046 2225 1232 2309 θεολογίαν
1251 2221 1313 2310 τὴν
1335 2223 1416 2308 περὶ

277 2324 352 2414 τὴν
374 2323 460 2394 θεὸν
474 2327 504 2393 Α
518 2334 551 2394 et
565 2329 594 2396 V
608 2349 681 2394 oum
697 2328 830 2412 Marino,
857 2325 917 2414 τὴν
932 2328 1013 2414 περί
1034 2325 1107 2394 τὸν
1129 2324 1216 2394 θεὸν
1231 2327 1417 2411 θεολογίαν

278 2431 364 2498 Med.
382 2430 457 2498 Ald.
476 2431 551 2498 Bas.
593 2430 685 2498 Unde
707 2436 797 2517 patet
818 2430 994 2498 Eudooiam
1016 2431 1163 2500 hausisse
1185 2437 1218 2498 et
1239 2451 1297 2498 suo
1312 2431 1417 2500 Marte

277 2536 377 2602 verba
399 2534 528 2622 ἔγραψε
552 2535 673 2599 καλ-
695 2529 885 2622 εὑρίσκεται
907 2535 1077 2604 adiecisse.

364 2640 400 2704 P.
427 2641 488 2705 368
512 2639 592 2725 ττερλ
615 2635 839 2726 Πυθαγόρου.
886 2639 1082 2725 Principium
1111 2659 1214 2723 usque
1241 2638 1284 2706 ad
1305 2645 1416 2725 χρυσᾶ

278 2740 342 2830 ἔντη
374 2763 392 2810 e
420 2741 522 2810 Suida
550 2742 718 2810 oriundum
749 2750 814 2824 est;
851 2743 906 2810 ubi
940 2741 1133 2831 φιλόσοφος
1165 2743 1206 2810 de
1239 2763 1296 2809 suo
1323 2743 1418 2808 addit

277 2846 438 2926 Eudooia;
465 2852 532 2912 tum
555 2847 653 2913 verba
670 2835 709 2934 ἦν
724 2846 760 2912 δὲ
778 2845 836 2912 ἐττί
852 2841 1073 2936 Ἀρταξέρξου
1087 2853 1148 2913 τοῦ
1162 2843 1413 2934 Μακρόχειρος,

277 2943 321 3028 ὡς
344 2953 544 3038 προείρηται
566 2971 585 3016 e
608 2951 684 3017 viol.
710 2971 742 3036 p.
762 2953 842 3035 367,
869 2972 933 3018 oon
955 2971 996 3018 ex
1018 2951 1180 3037 Hesyohio
1202 2951 1347 3032 Milesio,
1380 2959 1418 3017 ut

277 3054 451 3122 arbitratur
472 3053 575 3120 Flaoh
598 3075 630 3140 p.
651 3058 703 3119 to.
739 3055 853 3139 Neque
875 3076 916 3122 ex
938 3055 1102 3140 Hesychio
1124 3055 1192 3122 Mil.
1218 3061 1327 3121 serrat
1347 3055 1417 3120 Eu-

278 3159 371 3226 dooia
393 3153 464 3240 όόο,
491 3157 549 3224 sed
564 3161 641 3244 τρία
656 3177 675 3224 e
691 3157 792 3225 Suida
806 3159 1015 3242 translatum,
1042 3179 1113 3226 eum
1129 3159 1210 3226 duos
1225 3158 1324 3225 libros
1340 3159 1416 3224 lau-

278 3261 371 3330 datos
394 3261 539 3344 vidisset,
565 3261 599 3327 in
621 3259 682 3328 ddo
704 3263 849 3330 mutavit.
887 3263 1025 3330 Praebet
1044 3263 1130 3330 enim
1154 3283 1225 3330 earn
1247 3281 1358 3328 voeem
1381 3263 1417 3328 in

277 3383 390 3432 rasura
411 3366 523 3432 codor.

363 3471 398 3536 P.
426 3473 485 3536 371
512 3470 593 3555 περὶ
611 3463 768 3556 Ῥούφου.
805 3471 885 3557 περὶ
908 3469 1002 3538 οἴνου
1024 3471 1158 3553 βιβλίον
1180 3466 1224 3534 α’·
1250 3471 1330 3554 περὶ
1352 3475 1417 3552 με’-

278 3572 370 3648 λιτος
392 3571 498 3654 Soio„
525 3573 605 3658 περὶ
627 3571 722 3638 οἴνου
744 3574 801 3638 καί
823 3573 957 3656 μέλιτος
980 3571 1017 3639 ἓν
1038 3573 1120 3640 Idud.
1168 3573 1280 3640 Utrum
1296 3573 1418 3640 reotius

277 3675 320 3742 sit
341 3675 537 3760 ignoramus.
578 3678 662 3742 Tum
677 3677 821 3744 Eudoeia
840 3677 932 3744 addit
955 3677 1033 3764 περὶ
1056 3683 1122 3743 τῶν
1143 3681 1205 3743 τοῦ
1227 3670 1419 3762 ἆνθρώττου

277 3784 406 3866 μορίων
436 3776 515 3846 δύο·
556 3781 636 3866 περὶ
666 3775 774 3848 όστιῖιν
802 3779 849 3848 ἕν.
896 3781 987 3861 Quae
1016 3801 1207 3866 quamquam
1237 3801 1301 3848 non
1329 3791 1420 3850 reete

277 3883 364 3951 dieta
386 3891 461 3951 sunt
487 3885 562 3968 [tres
584 3885 669 3951 enim
691 3885 847 3952 habemus
870 3885 941 3952 Ruti
963 3887 1043 3971 περὶ
1066 3880 1252 3968 ὀνομασίας
1275 3893 1342 3952 τῶν
1356 3893 1420 3952 τοῦ

280 3982 469 4074 ἇνθριόιιου
490 3991 620 4074 μορίων
641 3989 772 4072 libros),
805 3997 914 4056 tamen
937 3989 994 4055 hos
1017 3989 1116 4056 libros
1138 3988 1266 4056 videtur
1287 3989 1421 4058 novisse

278 4091 431 4158 falsarius
453 4111 551 4158 manu
574 4093 724 4178 soriptos;
750 4111 824 4159 narn
847 4093 926 4159 editi
948 4093 1084 4178 primum
1108 4101 1182 4159 sunt
1203 4114 1234 4159 α.
1263 4097 1398 4173 tosta.

347 4317 372 4384 'i
394 4315 525 4377 Fortasse
545 4317 709 4390 catologo
729 4317 823 4393 aliquo
842 4318 870 4377 hi
889 4317 1020 4376 librorum
1040 4315 1270 4377 titultl‘ludooiao
1288 4317 1422 4378 innotue-
