3274 4934
165 1431 168 1440 ,
299 1381 348 1445 De
364 1385 496 1445 senatus
511 1377 756 1444 Atheniensium
779 1379 968 1445 auctoritate
990 1379 1023 1444 in
1046 1381 1192 1464 pecuniis
1213 1381 1350 1466 publicis

214 1483 476 1549 administrandis
498 1503 603 1568 pauca
632 1503 808 1568 exponam,
846 1503 930 1566 quae
952 1485 1140 1568 praesertim
1162 1485 1206 1552 ad
1229 1485 1353 1552 Galliac

214 1589 376 1654 decretum
399 1587 665 1672 illud‘pertinent
684 1587 730 1666 (C.
749 1590 775 1653 Ι.
794 1587 833 1654 Α.
853 1589 950 1674 132),
969 1611 1031 1675 quo
1047 1597 1179 1657 senatus
1196 1589 1353 1675 populas-

213 1713 274 1775 que
286 1691 532 1758 Atheniensium
543 1711 600 1758 aes
616 1691 759 1758 alienum
774 1713 795 1759 a
809 1713 843 1760 re
858 1695 989 1780 publiea
1008 1695 1202 1778 reliquorum
1218 1693 1363 1759 deorum

213 1795 347 1862 aerariis
370 1795 512 1862 debitum
537 1795 620 1862 solvi
641 1795 762 1862 iubent.
809 1798 913 1883 Atque
941 1819 1012 1865 cum
1043 1819 1074 1863 v.
1102 1799 1122 1860 9
1145 1815 1215 1880 sqq.
1241 1803 1352 1881 pryta-

212 1899 308 1965 nibus
331 1921 396 1966 una
417 1919 488 1966 cnm
520 1905 632 1967 senatu
666 1908 872 1987 praeceptum
903 1903 959 1983 sit,
997 1909 1032 1968 ut
1065 1901 1174 1967 debita
1203 1899 1349 1982 reddant,

214 2003 277 2068 iam
308 2002 460 2070 edicitur:
500 2011 686 2088 quaestores
717 2025 737 2070 a
765 2007 885 2092 populo
918 2005 1092 2089 creandos,
1129 2005 1184 2088 qni
1218 2005 1354 2090 posthac

216 2125 324 2172 sacras
347 2106 479 2172 deorum
493 2127 546 2174 res
562 2113 594 2174 et
609 2109 763 2193 pecunias
778 2127 889 2177 omnes
904 2111 938 2176 in
955 2108 1175 2195 opistbodomo
1189 2108 1354 2193 deponen-

216 2211 275 2276 das
297 2209 531 2292 administrent,
556 2232 687 2278 eoram
710 2219 856 2280 senatu
877 2214 912 2279 in
936 2234 1009 2280 arce
1028 2233 1080 2279 res
1104 2231 1213 2280 sacras
1231 2212 1272 2278 ab
1292 2213 1350 2294 eis,

213 2315 267 2398 qui
290 2313 421 2382 easdem
444 2335 545 2400 usquo
568 2316 611 2382 ad
638 2317 674 2382 id
702 2323 830 2402 tempus
860 2313 1171 2398 administraverint,
1204 2323 1353 2384 accurate

213 2426 397 2486 numeratas
429 2439 611 2505 pennasque
644 2419 801 2505 accipere.
856 2421 906 2485 Ex
939 2441 1002 2504 quo
1035 2420 1139 2488 edicto
1170 2418 1353 2486 Boeckhins

219 2523 448 2606 (brutescunt.
468 2526 499 2588 d.
519 2523 597 2589 Art.
616 2525 721 2590 1220.
755 2524 805 2591 cf.
826 2524 1036 2606 Schoemann,
1067 2527 1126 2590 Gr.
1145 2524 1216 2592 All.
1235 2525 1250 2588 Ι
1274 2527 1347 2606 397)

216 2649 279 2693 non
302 2627 406 2693 solum
429 2627 488 2694 hos
503 2627 696 2711 reliquorum
712 2627 844 2695 deorum
859 2633 1059 2716 quaestores,
1076 2628 1135 2695 sed
1154 2628 1251 2694 etiam
1268 2627 1356 2713 ipsos

214 2733 296 2798 deae
312 2731 474 2798 Minervae
497 2739 684 2816 quaestores
706 2737 927 2818 praesente
949 2737 1093 2798 senatu
1116 2731 1354 2798 successoribus

214 2855 266 2902 res
289 2854 397 2902 sacras
411 2835 584 2902 tradidisse
599 2835 708 2919 idque,
733 2835 984 2920 quotiescunque
1007 2836 1180 2920 collegium
1203 2843 1354 2919 quaesto-

214 2961 283 3006 rum
306 2961 438 3006 munere
460 2961 495 3006 se
518 2939 731 3022 abdicaverit,
764 2938 867 3024 repeti
897 2938 1024 3004 solitum
1060 2938 1160 3004 fnisse
1184 2939 1349 3006 conclusit.

215 3045 287 3110 Non
315 3045 361 3110 ita
393 3044 476 3110 iusto
506 3043 590 3126 iure,
628 3044 750 3130 opinor.
777 3043 878 3108 Immo
909 3042 984 3125 quia
1013 3062 1129 3107 novum
1160 3041 1352 3126 reliquorum

215 3147 345 3214 deorum
384 3147 543 3214 aerarium
570 3147 716 3214 conditur
747 3166 912 3230 novusque
949 3147 979 3212 ei
1017 3145 1224 3230 magistratus
1254 3167 1353 3231 quae-

216 3259 335 3318 storum
359 3249 551 3337 praeficitur,
590 3251 813 3335 quaestoribus
840 3269 892 3316 res
915 3267 1024 3316 sacras
1047 3248 1281 3334 accipientibus
1304 3269 1356 3316 se

214 3362 309 3421 natus
332 3355 448 3422 adesse
470 3355 607 3421 iubetur.
648 3356 715 3422 Sed
743 3375 819 3420 num
846 3353 1015 3438 quotannis
1046 3353 1274 3420 traditionibus
1296 3375 1355 3440 pe-

214 3457 378 3524 cuniarum
417 3477 587 3541 rerumque
623 3477 784 3526 sacrarum
823 3455 963 3523 adiuerit
1000 3463 1132 3524 senatus
1170 3457 1350 3538 nescimus

213 3561 299 3647 quod
322 3562 350 3628 si
373 3562 444 3648 quis
467 3562 643 3648 negaverit,
669 3583 720 3630 me
743 3582 806 3628 non
829 3559 962 3628 babebit
984 3560 1211 3645 refragantem.

298 3666 419 3732 Eodem
441 3667 474 3732 in
497 3666 608 3751 lapide
630 3666 712 3732 illud
735 3663 820 3749 quod
849 3663 1015 3749 praecedit
1048 3669 1089 3742 (v.
1117 3667 1134 3726 7
1159 3667 1260 3750 sqq.):
1296 3666 1354 3732 lo-

214 3768 385 3856 γισάσθων
408 3769 514 3854 dilui
537 3771 703 3855 tloyroaol
733 3767 766 3834 οἱ
788 3764 968 3855 τριάκοντα
992 3766 1091 3853 odana
1113 3774 1176 3834 νῦν
1197 3767 1239 3833 τὰ
1257 3762 1354 3856 ὀφει-

215 3873 341 3959 λόμενα
370 3885 442 3951 τοῖς
473 3877 562 3950 θεοῖς
591 3867 775 3959 ἇκρ[ιβῶ]ς,·
807 3877 1003 3958 συναγωγῆς
1026 3869 1062 3935 δὲ
1086 3867 1356 3961 τῶλλογιστῶνῆ

217 3973 320 4067 βουλὴ
345 3973 561 4065 αὐτοκράτωρ
586 3975 681 4057 ἔστω,
709 3974 883 4064 praeterire
906 3995 969 4042 non
992 3975 1077 4041 licet.
1127 3975 1278 4059 Logistae
1295 3977 1357 4062 igi-

215 4091 267 4150 tur
289 4102 345 4150 aes
376 4081 517 4148 alienum
541 4081 591 4146 dis
618 4079 762 4147 debitum
787 4099 944 4144 unacum
968 4079 1073 4144 usuris
1097 4087 1246 4146 accurate
1269 4101 1358 4146 eom-

214 4193 328 4272 putare
351 4186 510 4266 iubentur,
537 4185 579 4250 ad
602 4206 695 4269 quem
713 4189 895 4268 computum
910 4183 1143 4248 instituendum
1160 4183 1285 4249 senatui
1301 4205 1356 4252 eos

212 4310 404 4375 convocare,
437 4289 564 4376 quando
593 4289 652 4374 ipsi
685 4290 832 4375 placeat,
865 4287 1074 4373 permittitur:
1107 4286 1254 4353 nimirum
1278 4288 1353 4370 quia
