3274 4934
657 457 700 468 -
749 423 834 504 μύει
881 460 923 469 -

306 610 536 694 3l01X44.
583 606 1082 660 20-w-v.‘--w,g

362 712 485 830 Πύρρα
507 714 706 780 Δευκαλίων
726 737 761 779 τε
785 714 973 801 Παρνάσοα
994 714 1183 797 καταβάντε

425 839 746 900 ὡυ-υ-υ,ῃ

425 935 532 1019 δόμον
554 935 675 1004 ἔθεντο
699 945 835 1022 πρῶτον
860 987 866 1002 .
889 990 894 1000 .
917 991 923 1002 .

305 1057 460 1136 Quamvis
490 1077 600 1124 omnes
631 1057 770 1125 editores
798 1066 831 1126 et
852 1060 954 1125 maior
976 1079 1050 1144 pars
1074 1060 1226 1124 librorum
1248 1069 1357 1145 patro-

216 1162 364 1227 cinentur
393 1160 482 1226 duali
512 1159 718 1244 καταβάντε,
750 1168 859 1228 tamen
889 1183 960 1228 eum
990 1162 1108 1248 optimo
1138 1161 1248 1228 codiee
1271 1165 1299 1228 Α
1326 1173 1358 1230 et

219 1285 291 1329 eum
323 1262 454 1330 scholiis
477 1264 681 1348 reponendus
704 1271 754 1332 est
774 1265 910 1351 pluralis
933 1263 1151 1346 καταβάντες.
1199 1266 1356 1333 Pindarus

217 1367 303 1433 enim
333 1367 572 1452 participiorum
603 1367 713 1434 formis
736 1368 915 1454 pluralibus
937 1368 983 1434 ibi
1005 1389 1130 1452 quoque
1154 1369 1268 1452 utitur,
1301 1371 1356 1436 ubi

217 1471 350 1536 verbum
380 1469 513 1536 formam
539 1469 669 1536 dualem
692 1471 806 1550 habet,
842 1491 871 1536 e.
897 1493 931 1556 g.
957 1469 1354 1554 (lustusamans

218 1571 339 1659 λάβροι
362 1575 599 1659 παγγλωσσίᾳ,
626 1570 768 1660 κόρακες
790 1568 849 1654 ὥς,
876 1568 1025 1660 άκραντα
1049 1574 1222 1660 γαρύετον.
1270 1575 1353 1642 Gra-

219 1677 291 1742 vius
321 1684 370 1742 est
395 1677 481 1762 quod
507 1677 567 1744 hoe
590 1678 659 1744 loeo
681 1677 787 1762 ipsum
809 1697 935 1762 quoque
958 1680 1088 1744 verbum
1112 1680 1269 1764 pluralem
1293 1679 1356 1744 lor-

218 1801 303 1845 mam
329 1781 437 1846 habet.
485 1781 633 1848 Ceterum
656 1781 802 1862 Homeri,
837 1781 892 1864 qui
921 1780 1036 1847 eudem
1066 1781 1213 1848 libertate
1243 1783 1351 1862 utitur,

217 1891 324 1950 nostro
347 1884 502 1950 simillimi
525 1892 599 1950 sunt
621 1884 699 1950 loci:
727 1887 764 1948 Π
786 1885 847 1949 218
872 1891 904 1950 et
927 1889 970 1948 M
991 1887 1052 1948 265

492 2037 554 2050 ...
582 1981 637 2052 δύ’
663 1981 760 2072 άνίρε
783 1986 1068 2074 θωρήσσοντο

304 2089 504 2176 Πάτροκλός
526 2115 560 2156 τε
584 2092 641 2154 καὶ
663 2085 873 2174 Αὐτομέδων
896 2087 955 2156 ἕνα
977 2091 1092 2174 θυμὸν
1115 2089 1302 2172 ἔχοντες·

215 2203 250 2260 et
346 2189 543 2282 Ἀμφοτέρω
567 2187 599 2258 δ’
625 2193 755 2259 Αἴαντε
779 2188 1012 2260 κελευτιόωντ’
1039 2191 1097 2258 ἐπὶ
1120 2193 1259 2278 πύργων

303 2295 452 2362 πάντοσε
476 2293 688 2383 φοιτήτην
709 2301 810 2380 μένος
833 2290 1088 2383 ὀτρύνοντες
1110 2291 1262 2379 Ἀχαιῶν.

303 2423 333 2502 ll
359 2417 389 2484 P
411 2418 443 2482 Π
465 2421 516 2483 61.
564 2415 674 2502 χαύνα
697 2417 847 2502 πραπίδι
870 2419 1076 2501 παλαιμονεῖ
1102 2414 1199 2482 κενεά
1228 2437 1285 2503 pro
1316 2419 1355 2484 li-

216 2523 342 2588 brorum
375 2521 512 2588 lectione
534 2529 632 2606 κενεᾷ
655 2521 791 2587 coniecit
812 2521 981 2604 Pauwius,
1016 2522 1068 2588 eui
1097 2521 1356 2606 obtemperarunt

219 2628 419 2692 Hermannus
442 2624 557 2690 collato
580 2623 607 2691 0
630 2625 661 2688 Χ
685 2627 725 2688 93
749 2621 846 2688 κενεά
869 2621 1019 2700 πνεύσας
1047 2623 1141 2706 (quod
1164 2624 1283 2690 dietum
1307 2633 1356 2690 est

211 2731 256 2796 de
275 2748 324 2811 εο,
349 2729 405 2812 qui
420 2725 539 2793 frustra
555 2725 737 2812 laboravit),
764 2727 957 2806 Boeelrhius,
983 2727 1153 2810 Bergkius‚
1181 2727 1350 2804 christine,

211 2853 406 2917 quamquam
430 2830 623 2897 scholiastae
645 2849 771 2913 quoque
794 2835 892 2916 κενεᾷ
914 2837 1101 2914 agnoscunt.
1151 2831 1219 2896 Nee
1242 2833 1353 2914 negari

215 2943 320 3022 potest
348 2935 516 3001 lectionem
545 2932 695 2999 traditam
726 2931 834 3018 χαύνᾳ
857 2933 1007 3018 πραπίδι
1028 2933 1235 3014 παλαιμονεῖ
1257 2941 1355 3018 κενεᾷ

216 3041 412 3122 habereque
428 3035 587 3103 offendat:
613 3055 688 3101 nam
703 3037 778 3102 novi
792 3035 873 3102 nihil
889 3036 1027 3116 additur,
1052 3037 1080 3102 si
1096 3037 1229 3120 πραπίς
1245 3033 1353 3117 χαύνα

213 3142 347 3226 insuper
369 3138 466 3206 κενεά
488 3139 688 3225 appellatum
719 3139 778 3205 sed
801 3139 952 3205 mendum
975 3160 1039 3204 non
1061 3139 1162 3205 latere
1184 3139 1219 3203 in
1242 3144 1350 3224 γενεᾷ,

214 3265 324 3310 vernm
347 3243 380 3308 in
402 3241 512 3328 χαύνα
541 3243 718 3308 rectissime
747 3242 912 3327 perspexit
933 3241 1168 3322 Mommsenus,
1202 3241 1257 3322 qui
1287 3241 1354 3306 eol-

213 3349 280 3413 lato
304 3347 331 3412 N
354 3347 431 3411 VIII
455 3351 495 3409 45
519 3350 638 3410 κενεάν
660 3339 692 3410 δ’
720 3343 869 3410 ἐλπίδων
891 3349 1017 3425 χαῦνον
1039 3345 1135 3420 τέλος
1158 3344 1302 3428 suripsIt:

462 3455 571 3530 χαῦνα
594 3447 744 3532 πραπίδι
766 3447 972 3528 παλαιμονεῖ
995 3454 1103 3532 κενεᾷ.

300 3573 329 3650 5}
356 3567 451 3634 PVI
478 3571 526 3633 13.
576 3569 871 3632 ...-v-w!

359 3721 424 3736 ...
450 3669 625 3758 παμφόρῳ
648 3669 776 3756 χεράδι.

298 3794 357 3859 Est
382 3793 572 3858 vocabulum
602 3790 802 3857 rarissimum
832 3797 929 3874 atque
951 3790 1040 3875 apud
1062 3789 1235 3856 Homerum
1260 3783 1355 3870 άπαξ

211 3896 389 3983 εἰρημένον
412 3899 443 3958 Φ
467 3897 540 3978 318,
566 3894 621 3960 ubi
644 3892 842 3959 Scamander
864 3892 904 3959 de
928 3893 1056 3958 Achille
1078 3893 1178 3959 verba
1200 3891 1294 3958 lauit:

221 4005 225 4014 '
627 4043 661 4058 ..
684 4045 690 4058 .
713 4046 719 4059 .
746 3994 809 4060 κὰδ
832 3995 869 4061 δέ
891 4018 950 4078 μιν
973 3991 1078 4063 αύτύν

366 4098 487 4166 εἰλύσω
512 4097 740 4182 ψαμάθοισιν,
768 4093 843 4176 άλις
865 4097 1008 4185 χέραδος
1031 4095 1213 4184 περιχεύας

366 4207 498 4288 μυρίον.

206 4324 355 4390 sedium
378 4321 501 4406 antiqui
523 4321 724 4406 grammatici
747 4323 965 4408 ambigebant,
992 4331 1098 4390 utrum
1118 4319 1355 4406 παροξύτονον
