<?xml version="1.0" encoding="UTF-8"?>
<!DOCTYPE html PUBLIC "-//W3C//DTD XHTML 1.0 Transitional//EN"
    "http://www.w3.org/TR/xhtml1/DTD/xhtml1-transitional.dtd">
<html xmlns="http://www.w3.org/1999/xhtml" xml:lang="en" lang="en">
 <head>
  <title>
</title>
<meta http-equiv="Content-Type" content="text/html;charset=utf-8" />
  <meta name='ocr-system' content='tesseract 3.04.00' />
  <meta name='ocr-capabilities' content='ocr_page ocr_carea ocr_par ocr_line ocrx_word'/>
</head>
<body>
  <div class='ocr_page' id='page_1' title='image "./dissertationesp02stragoog_0492.png"; bbox 0 0 3274 4934; ppageno 0'>
   <div class='ocr_carea' id='block_1_1' title="bbox 615 425 1313 505">
    <p class='ocr_par' dir='ltr' id='par_1_1' title="bbox 615 425 1313 505">
     <span class='ocr_line' id='line_1_1' title="bbox 615 425 1313 505; baseline 0.003 -19"><span class='ocrx_word' id='word_1_1' title='bbox 615 459 657 469; x_wconf 88' lang='lat'><em>-</em></span> <span class='ocrx_word' id='word_1_2' title='bbox 705 425 789 505; x_wconf 74' lang='grc' dir='ltr'><strong><em>μου]</em></strong></span> <span class='ocrx_word' id='word_1_3' title='bbox 837 461 880 470; x_wconf 87' lang='lat'>-</span> <span class='ocrx_word' id='word_1_4' title='bbox 1274 427 1313 488; x_wconf 85' lang='lat'><strong><em>53</em></strong></span> 
     </span>
    </p>
   </div>
   <div class='ocr_carea' id='block_1_2' title="bbox 168 607 1319 4430">
    <p class='ocr_par' dir='ltr' id='par_1_2' title="bbox 168 607 1319 4430">
     <span class='ocr_line' id='line_1_2' title="bbox 176 607 1316 699; baseline -0.003 -18"><span class='ocrx_word' id='word_1_5' title='bbox 176 623 282 682; x_wconf 79' lang='grc' dir='ltr'><strong><em>ταῦτα</em></strong></span> <span class='ocrx_word' id='word_1_6' title='bbox 313 615 369 679; x_wconf 88' lang='grc' dir='ltr'><strong><em>καί</em></strong></span> <span class='ocrx_word' id='word_1_7' title='bbox 396 609 457 679; x_wconf 87' lang='grc' dir='ltr'><strong><em>τὸν</em></strong></span> <span class='ocrx_word' id='word_1_8' title='bbox 485 607 602 697; x_wconf 69' lang='grc' dir='ltr'><strong><em>ὅρλκον</em></strong></span> <span class='ocrx_word' id='word_1_9' title='bbox 624 610 684 696; x_wconf 65' lang='grc' dir='ltr'><strong><em>ἔμε]</em></strong></span> <span class='ocrx_word' id='word_1_10' title='bbox 711 613 849 697; x_wconf 64' lang='grc' dir='ltr'><strong><em>λιίθλίνῃ</em></strong></span> <span class='ocrx_word' id='word_1_11' title='bbox 873 609 987 699; x_wconf 69' lang='grc' dir='ltr'><strong><em>[στήλῃ</em></strong></span> <span class='ocrx_word' id='word_1_12' title='bbox 1018 613 1085 696; x_wconf 69' lang='grc' dir='ltr'><strong><em>[καί</em></strong></span> <span class='ocrx_word' id='word_1_13' title='bbox 1118 615 1316 679; x_wconf 80' lang='grc' dir='ltr'><strong><em>καταθεῖναι</em></strong></span> 
     </span>
     <span class='ocr_line' id='line_1_3' title="bbox 168 712 1316 807; baseline -0.004 -20"><span class='ocrx_word' id='word_1_14' title='bbox 168 716 327 807; x_wconf 73' lang='grc' dir='ltr'><strong><em>Ἀθήνησι</em></strong></span> <span class='ocrx_word' id='word_1_15' title='bbox 348 717 411 800; x_wconf 87' lang='grc' dir='ltr'><strong><em>μίν</em></strong></span> <span class='ocrx_word' id='word_1_16' title='bbox 434 712 601 798; x_wconf 67' lang='grc' dir='ltr'><strong><em>ίμπόλλει.</em></strong></span> <span class='ocrx_word' id='word_1_17' title='bbox 654 715 818 795; x_wconf 80' lang='lat' dir='ltr'><strong>Quomodo</strong></span> <span class='ocrx_word' id='word_1_18' title='bbox 847 736 923 782; x_wconf 88' lang='lat' dir='ltr'><strong>vero</strong></span> <span class='ocrx_word' id='word_1_19' title='bbox 956 716 1007 782; x_wconf 92' lang='lat' dir='ltr'><strong>his</strong></span> <span class='ocrx_word' id='word_1_20' title='bbox 1030 736 1101 782; x_wconf 90' lang='lat' dir='ltr'><strong><em>cum</em></strong></span> <span class='ocrx_word' id='word_1_21' title='bbox 1124 717 1230 782; x_wconf 88' lang='lat' dir='ltr'><strong>verbis</strong></span> <span class='ocrx_word' id='word_1_22' title='bbox 1253 717 1316 782; x_wconf 91' lang='lat' dir='ltr'><strong>ini-</strong></span> 
     </span>
     <span class='ocr_line' id='line_1_4' title="bbox 175 819 1313 906; baseline -0.005 -16"><span class='ocrx_word' id='word_1_23' title='bbox 175 825 254 890; x_wconf 90' lang='lat' dir='ltr'><strong>tium</strong></span> <span class='ocrx_word' id='word_1_24' title='bbox 277 821 449 906; x_wconf 85' lang='lat' dir='ltr'><strong>fragmenti</strong></span> <span class='ocrx_word' id='word_1_25' title='bbox 483 841 503 884; x_wconf 91' lang='lat' dir='ltr'><strong>a</strong></span> <span class='ocrx_word' id='word_1_26' title='bbox 532 819 743 903; x_wconf 86' lang='lat' dir='ltr'><strong>coniungatur</strong></span> <span class='ocrx_word' id='word_1_27' title='bbox 764 840 877 905; x_wconf 85' lang='lat' dir='ltr'><strong>parum</strong></span> <span class='ocrx_word' id='word_1_28' title='bbox 900 820 978 884; x_wconf 88' lang='lat' dir='ltr'><strong>mihi</strong></span> <span class='ocrx_word' id='word_1_29' title='bbox 1007 826 1146 900; x_wconf 85' lang='lat' dir='ltr'><strong>constat,</strong></span> <span class='ocrx_word' id='word_1_30' title='bbox 1173 820 1214 885; x_wconf 85' lang='lat' dir='ltr'><strong><em>oi.</em></strong></span> <span class='ocrx_word' id='word_1_31' title='bbox 1240 841 1271 885; x_wconf 88' lang='lat' dir='ltr'><strong><em>v.</em></strong></span> <span class='ocrx_word' id='word_1_32' title='bbox 1294 823 1313 884; x_wconf 85' lang='lat'><strong>3</strong></span> 
     </span>
     <span class='ocr_line' id='line_1_5' title="bbox 177 921 1310 1014; baseline -0.005 -22"><span class='ocrx_word' id='word_1_33' title='bbox 177 924 294 1014; x_wconf 78' lang='grc' dir='ltr'><strong><em>ιστὴλῃ</em></strong></span> <span class='ocrx_word' id='word_1_34' title='bbox 315 921 663 1010; x_wconf 69' lang='grc' dir='ltr'><strong><em>(εἰστήλῃΚίτσλιλιοίΐ.)</em></strong></span> <span class='ocrx_word' id='word_1_35' title='bbox 689 973 695 986; x_wconf 89' lang='grc'><strong>.</strong></span> <span class='ocrx_word' id='word_1_36' title='bbox 718 975 724 986; x_wconf 96' lang='grc'>.</span> <span class='ocrx_word' id='word_1_37' title='bbox 747 973 753 986; x_wconf 96' lang='grc'><em>.</em></span> <span class='ocrx_word' id='word_1_38' title='bbox 776 973 782 987; x_wconf 94' lang='grc'><strong>.</strong></span> <span class='ocrx_word' id='word_1_39' title='bbox 809 929 846 988; x_wconf 80' lang='lat' dir='ltr'><strong><em>i:</em></strong></span> <span class='ocrx_word' id='word_1_40' title='bbox 877 922 1200 1008; x_wconf 75' lang='grc' dir='ltr'><strong><em>δ]ὲ’καίΒοττια[ι-</em></strong></span> <span class='ocrx_word' id='word_1_41' title='bbox 1229 961 1246 972; x_wconf 93' lang='grc'>-</span> <span class='ocrx_word' id='word_1_42' title='bbox 1276 961 1310 986; x_wconf 94' lang='grc'><strong><em>-.</em></strong></span> 
     </span>
     <span class='ocr_line' id='line_1_6' title="bbox 178 1020 1311 1109; baseline -0.005 -13"><span class='ocrx_word' id='word_1_43' title='bbox 178 1021 613 1109; x_wconf 58' lang='lat' dir='ltr'><strong>acescentem-n.</strong></span> <span class='ocrx_word' id='word_1_44' title='bbox 653 1063 696 1075; x_wconf 88' lang='lat'><em>-</em></span> <span class='ocrx_word' id='word_1_45' title='bbox 733 1025 783 1094; x_wconf 87' lang='lat' dir='ltr'><strong><em>De</em></strong></span> <span class='ocrx_word' id='word_1_46' title='bbox 805 1027 965 1104; x_wconf 65' lang='lat' dir='ltr'><strong>adverbio,</strong></span> <span class='ocrx_word' id='word_1_47' title='bbox 990 1020 1120 1104; x_wconf 77' lang='grc' dir='ltr'><em>ἀδόλως</em></span> <span class='ocrx_word' id='word_1_48' title='bbox 1148 1047 1179 1092; x_wconf 82' lang='lat' dir='ltr'><strong><em>v.</em></strong></span> <span class='ocrx_word' id='word_1_49' title='bbox 1209 1029 1245 1089; x_wconf 82' lang='lat'><strong><em>17</em></strong></span> <span class='ocrx_word' id='word_1_50' title='bbox 1269 1026 1311 1092; x_wconf 85' lang='lat' dir='ltr'><strong><em>cf.</em></strong></span> 
     </span>
     <span class='ocr_line' id='line_1_7' title="bbox 176 1123 1317 1216; baseline -0.008 -13"><span class='ocrx_word' id='word_1_51' title='bbox 176 1136 278 1203; x_wconf 84' lang='lat' dir='ltr'><strong>Thoe.</strong></span> <span class='ocrx_word' id='word_1_52' title='bbox 296 1135 325 1199; x_wconf 84' lang='lat' dir='ltr'>V</span> <span class='ocrx_word' id='word_1_53' title='bbox 341 1135 398 1196; x_wconf 77' lang='lat'><strong><em>23:</em></strong></span> <span class='ocrx_word' id='word_1_54' title='bbox 425 1124 574 1196; x_wconf 66' lang='grc' dir='ltr'><strong><em>ταῦτατί</em></strong></span> <span class='ocrx_word' id='word_1_55' title='bbox 598 1123 687 1196; x_wconf 89' lang='grc' dir='ltr'><strong><em>είναι</em></strong></span> <span class='ocrx_word' id='word_1_56' title='bbox 709 1129 846 1206; x_wconf 79' lang='grc' dir='ltr'><strong><em>δικαίως</em></strong></span> <span class='ocrx_word' id='word_1_57' title='bbox 869 1131 926 1195; x_wconf 84' lang='grc' dir='ltr'><strong><em>καὶ</em></strong></span> <span class='ocrx_word' id='word_1_58' title='bbox 949 1129 1133 1216; x_wconf 80' lang='grc' dir='ltr'><em>προθύμως</em></span> <span class='ocrx_word' id='word_1_59' title='bbox 1155 1130 1212 1194; x_wconf 85' lang='grc' dir='ltr'><strong><em>καὶ</em></strong></span> <span class='ocrx_word' id='word_1_60' title='bbox 1235 1123 1317 1194; x_wconf 84' lang='lat' dir='ltr'><strong>ddo&#39;·</strong></span> 
     </span>
     <span class='ocr_line' id='line_1_8' title="bbox 177 1227 1316 1320; baseline -0.005 -16"><span class='ocrx_word' id='word_1_61' title='bbox 177 1241 254 1315; x_wconf 85' lang='grc' dir='ltr'><strong><em>λως.</em></strong></span> <span class='ocrx_word' id='word_1_62' title='bbox 282 1275 319 1286; x_wconf 98' lang='grc'>-</span> <span class='ocrx_word' id='word_1_63' title='bbox 343 1235 495 1302; x_wconf 82' lang='lat' dir='ltr'><strong>Formula</strong></span> <span class='ocrx_word' id='word_1_64' title='bbox 517 1231 595 1310; x_wconf 84' lang='grc' dir='ltr'><strong><em>τοὺς</em></strong></span> <span class='ocrx_word' id='word_1_65' title='bbox 618 1227 741 1310; x_wconf 78' lang='grc' dir='ltr'><strong><em>αὐτοὺς</em></strong></span> <span class='ocrx_word' id='word_1_66' title='bbox 764 1231 904 1320; x_wconf 78' lang='grc' dir='ltr'><strong><em>ἐχθροὺς</em></strong></span> <span class='ocrx_word' id='word_1_67' title='bbox 927 1233 1047 1317; x_wconf 76' lang='grc' dir='ltr'><strong><em>ἕξομεν</em></strong></span> <span class='ocrx_word' id='word_1_68' title='bbox 1069 1244 1132 1302; x_wconf 89' lang='lat' dir='ltr'><strong>etc.</strong></span> <span class='ocrx_word' id='word_1_69' title='bbox 1157 1233 1316 1302; x_wconf 87' lang='lat' dir='ltr'><strong>invenitur</strong></span> 
     </span>
     <span class='ocr_line' id='line_1_9' title="bbox 177 1337 1311 1428; baseline -0.007 -18"><span class='ocrx_word' id='word_1_70' title='bbox 177 1343 264 1428; x_wconf 88' lang='lat' dir='ltr'><strong>apud</strong></span> <span class='ocrx_word' id='word_1_71' title='bbox 294 1339 442 1424; x_wconf 85' lang='lat' dir='ltr'><strong>Xenoph.</strong></span> <span class='ocrx_word' id='word_1_72' title='bbox 469 1338 553 1403; x_wconf 88' lang='lat' dir='ltr'><strong>Hist.</strong></span> <span class='ocrx_word' id='word_1_73' title='bbox 585 1357 635 1422; x_wconf 84' lang='lat' dir='ltr'><strong><em>gr.</em></strong></span> <span class='ocrx_word' id='word_1_74' title='bbox 660 1337 752 1420; x_wconf 79' lang='lat'>112,</span> <span class='ocrx_word' id='word_1_75' title='bbox 785 1343 845 1402; x_wconf 76' lang='lat'><strong><em>20:</em></strong></span> <span class='ocrx_word' id='word_1_76' title='bbox 885 1337 1157 1422; x_wconf 82' lang='grc' dir='ltr'><strong><em>Λακεδαιμόνιοι</em></strong></span> <span class='ocrx_word' id='word_1_77' title='bbox 1185 1338 1222 1403; x_wconf 79' lang='grc' dir='ltr'><strong><em>δὲ</em></strong></span> <span class='ocrx_word' id='word_1_78' title='bbox 1249 1391 1254 1401; x_wconf 97' lang='grc'>.</span> <span class='ocrx_word' id='word_1_79' title='bbox 1277 1387 1311 1402; x_wconf 93' lang='grc'><strong><em>..</em></strong></span> 
     </span>
     <span class='ocr_line' id='line_1_10' title="bbox 178 1433 1315 1528; baseline -0.004 -16"><span class='ocrx_word' id='word_1_80' title='bbox 178 1447 358 1513; x_wconf 79' lang='grc' dir='ltr'><strong><em>ἐποιοῦντο</em></strong></span> <span class='ocrx_word' id='word_1_81' title='bbox 389 1439 523 1528; x_wconf 77' lang='grc' dir='ltr'><em>εἰρήνην</em></span> <span class='ocrx_word' id='word_1_82' title='bbox 553 1435 604 1528; x_wconf 78' lang='grc' dir='ltr'><strong><em>ἐφ’</em></strong></span> <span class='ocrx_word' id='word_1_83' title='bbox 642 1433 668 1525; x_wconf 78' lang='grc' dir='ltr'>ᾧ</span> <span class='ocrx_word' id='word_1_84' title='bbox 694 1493 699 1505; x_wconf 97' lang='grc'>.</span> <span class='ocrx_word' id='word_1_85' title='bbox 722 1491 757 1505; x_wconf 92' lang='grc'><strong><em>..</em></strong></span> <span class='ocrx_word' id='word_1_86' title='bbox 788 1442 1022 1526; x_wconf 73' lang='lat' dir='ltr'>(Athenienses)</span> <span class='ocrx_word' id='word_1_87' title='bbox 1050 1440 1110 1509; x_wconf 88' lang='grc' dir='ltr'><strong><em>τὸν</em></strong></span> <span class='ocrx_word' id='word_1_88' title='bbox 1133 1437 1237 1508; x_wconf 82' lang='grc' dir='ltr'><strong><em>αὐτὸν</em></strong></span> <span class='ocrx_word' id='word_1_89' title='bbox 1260 1441 1315 1523; x_wconf 82' lang='grc' dir='ltr'><strong><em>έχ-</em></strong></span> 
     </span>
     <span class='ocr_line' id='line_1_11' title="bbox 177 1542 1316 1636; baseline -0.006 -21"><span class='ocrx_word' id='word_1_90' title='bbox 177 1548 260 1636; x_wconf 87' lang='grc' dir='ltr'><strong><em>θρὸν</em></strong></span> <span class='ocrx_word' id='word_1_91' title='bbox 275 1549 331 1612; x_wconf 84' lang='grc' dir='ltr'><strong><em>καὶ</em></strong></span> <span class='ocrx_word' id='word_1_92' title='bbox 348 1547 451 1633; x_wconf 79' lang='grc' dir='ltr'><strong><em>φίλον</em></strong></span> <span class='ocrx_word' id='word_1_93' title='bbox 464 1543 667 1627; x_wconf 76' lang='grc' dir='ltr'><strong><em>νομίζοντας</em></strong></span> <span class='ocrx_word' id='word_1_94' title='bbox 682 1545 971 1627; x_wconf 74' lang='grc' dir='ltr'><strong><em>Λακεδαιμονίοις</em></strong></span> <span class='ocrx_word' id='word_1_95' title='bbox 988 1545 1132 1612; x_wconf 77' lang='grc' dir='ltr'><strong><em>ἕπεσθαι</em></strong></span> <span class='ocrx_word' id='word_1_96' title='bbox 1154 1547 1212 1611; x_wconf 90' lang='grc' dir='ltr'><strong><em>καὶ</em></strong></span> <span class='ocrx_word' id='word_1_97' title='bbox 1230 1542 1316 1610; x_wconf 86' lang='grc' dir='ltr'><strong><em>κατὰ</em></strong></span> 
     </span>
     <span class='ocr_line' id='line_1_12' title="bbox 177 1641 1312 1742; baseline -0.006 -22"><span class='ocrx_word' id='word_1_98' title='bbox 177 1662 238 1742; x_wconf 72' lang='grc' dir='ltr'><strong><em>γῆν</em></strong></span> <span class='ocrx_word' id='word_1_99' title='bbox 264 1653 322 1718; x_wconf 89' lang='grc' dir='ltr'><strong><em>καί</em></strong></span> <span class='ocrx_word' id='word_1_100' title='bbox 351 1645 437 1715; x_wconf 86' lang='grc' dir='ltr'><strong><em>κατὰ</em></strong></span> <span class='ocrx_word' id='word_1_101' title='bbox 460 1645 632 1714; x_wconf 83' lang='grc' dir='ltr'><strong><em>θάλατταν</em></strong></span> <span class='ocrx_word' id='word_1_102' title='bbox 664 1641 747 1712; x_wconf 81' lang='grc' dir='ltr'><strong><em>ὅποι</em></strong></span> <span class='ocrx_word' id='word_1_103' title='bbox 779 1643 821 1714; x_wconf 84' lang='grc' dir='ltr'><strong><em>ἂν</em></strong></span> <span class='ocrx_word' id='word_1_104' title='bbox 853 1643 1008 1735; x_wconf 75' lang='grc' dir='ltr'><strong><em>ἡγῶνται.</em></strong></span> <span class='ocrx_word' id='word_1_105' title='bbox 1067 1649 1160 1716; x_wconf 87' lang='lat' dir='ltr'><strong>Unde</strong></span> <span class='ocrx_word' id='word_1_106' title='bbox 1189 1649 1312 1716; x_wconf 87' lang='lat' dir='ltr'><strong>Busolt.</strong></span> 
     </span>
     <span class='ocr_line' id='line_1_13' title="bbox 183 1751 1317 1842; baseline -0.004 -19"><span class='ocrx_word' id='word_1_107' title='bbox 183 1762 263 1842; x_wconf 75' lang='lat' dir='ltr'><strong>(Der</strong></span> <span class='ocrx_word' id='word_1_108' title='bbox 287 1760 316 1820; x_wconf 81' lang='lat'><strong><em>2.</em></strong></span> <span class='ocrx_word' id='word_1_109' title='bbox 334 1755 451 1820; x_wconf 84' lang='grc' dir='ltr'><strong><em>Αίλοιι,</em></strong></span> <span class='ocrx_word' id='word_1_110' title='bbox 477 1753 577 1818; x_wconf 82' lang='grc' dir='ltr'><strong><em>Βααιί</em></strong></span> <span class='ocrx_word' id='word_1_111' title='bbox 596 1773 628 1838; x_wconf 90' lang='lat' dir='ltr'><strong><em>p.</em></strong></span> <span class='ocrx_word' id='word_1_112' title='bbox 648 1755 721 1834; x_wconf 79' lang='grc'>650)</span> <span class='ocrx_word' id='word_1_113' title='bbox 748 1751 833 1818; x_wconf 85' lang='lat' dir='ltr'><strong>effici</strong></span> <span class='ocrx_word' id='word_1_114' title='bbox 855 1759 947 1838; x_wconf 87' lang='lat' dir='ltr'><strong>putat</strong></span> <span class='ocrx_word' id='word_1_115' title='bbox 968 1773 1031 1818; x_wconf 92' lang='lat' dir='ltr'><strong><em>non</em></strong></span> <span class='ocrx_word' id='word_1_116' title='bbox 1060 1753 1125 1819; x_wconf 92' lang='lat' dir='ltr'><strong>dici</strong></span> <span class='ocrx_word' id='word_1_117' title='bbox 1147 1753 1209 1818; x_wconf 90' lang='lat' dir='ltr'><strong>nisi</strong></span> <span class='ocrx_word' id='word_1_118' title='bbox 1231 1752 1317 1818; x_wconf 89' lang='lat' dir='ltr'><strong>infe-</strong></span> 
     </span>
     <span class='ocr_line' id='line_1_14' title="bbox 176 1855 1316 1940; baseline -0.006 -12"><span class='ocrx_word' id='word_1_119' title='bbox 176 1864 275 1928; x_wconf 82' lang='lat' dir='ltr'><strong>riores</strong></span> <span class='ocrx_word' id='word_1_120' title='bbox 291 1856 554 1925; x_wconf 81' lang='lat' dir='ltr'><strong>Lacedaemoniis</strong></span> <span class='ocrx_word' id='word_1_121' title='bbox 570 1856 718 1922; x_wconf 86' lang='lat' dir='ltr'><strong>oivitates</strong></span> <span class='ocrx_word' id='word_1_122' title='bbox 734 1855 863 1923; x_wconf 88' lang='lat' dir='ltr'><strong>eosdem</strong></span> <span class='ocrx_word' id='word_1_123' title='bbox 878 1876 956 1940; x_wconf 90' lang='lat' dir='ltr'><strong>quos</strong></span> <span class='ocrx_word' id='word_1_124' title='bbox 971 1857 1046 1922; x_wconf 89' lang='lat' dir='ltr'><strong>ilios</strong></span> <span class='ocrx_word' id='word_1_125' title='bbox 1061 1857 1181 1923; x_wconf 87' lang='lat' dir='ltr'><strong>habere</strong></span> <span class='ocrx_word' id='word_1_126' title='bbox 1197 1857 1316 1922; x_wconf 91' lang='lat' dir='ltr'><strong>amicos</strong></span> 
     </span>
     <span class='ocr_line' id='line_1_15' title="bbox 177 1959 1313 2046; baseline -0.008 -14"><span class='ocrx_word' id='word_1_127' title='bbox 177 1973 208 2032; x_wconf 88' lang='lat' dir='ltr'><strong><em>et</em></strong></span> <span class='ocrx_word' id='word_1_128' title='bbox 223 1967 344 2031; x_wconf 91' lang='lat' dir='ltr'><strong>hostes.</strong></span> <span class='ocrx_word' id='word_1_129' title='bbox 385 1961 539 2044; x_wconf 88' lang='lat' dir='ltr'><strong>Idemque</strong></span> <span class='ocrx_word' id='word_1_130' title='bbox 554 1982 586 2046; x_wconf 86' lang='lat' dir='ltr'><strong><em>p.</em></strong></span> <span class='ocrx_word' id='word_1_131' title='bbox 606 1963 668 2024; x_wconf 85' lang='lat'><strong><em>713</em></strong></span> <span class='ocrx_word' id='word_1_132' title='bbox 684 1959 806 2026; x_wconf 89' lang='lat' dir='ltr'><strong>iudicat</strong></span> <span class='ocrx_word' id='word_1_133' title='bbox 821 1959 862 2025; x_wconf 89' lang='lat' dir='ltr'><strong><em>de</em></strong></span> <span class='ocrx_word' id='word_1_134' title='bbox 876 1961 1045 2026; x_wconf 78' lang='lat' dir='ltr'><strong>Aeschinis</strong></span> <span class='ocrx_word' id='word_1_135' title='bbox 1062 1961 1131 2026; x_wconf 91' lang='lat' dir='ltr'><strong>loco</strong></span> <span class='ocrx_word' id='word_1_136' title='bbox 1151 1959 1208 2044; x_wconf 83' lang='lat'><em>(111</em></span> <span class='ocrx_word' id='word_1_137' title='bbox 1227 1963 1313 2042; x_wconf 75' lang='grc' dir='ltr'><strong><em>10ομ</em></strong></span> 
     </span>
     <span class='ocr_line' id='line_1_16' title="bbox 178 2057 1316 2154; baseline -0.004 -21"><span class='ocrx_word' id='word_1_138' title='bbox 178 2067 303 2154; x_wconf 77' lang='grc' dir='ltr'><strong><em>γράφει</em></strong></span> <span class='ocrx_word' id='word_1_139' title='bbox 331 2064 582 2149; x_wconf 82' lang='lat' dir='ltr'><strong>(Demosthenes)</strong></span> <span class='ocrx_word' id='word_1_140' title='bbox 617 2060 762 2129; x_wconf 79' lang='grc' dir='ltr'><strong><em>κελεύων</em></strong></span> <span class='ocrx_word' id='word_1_141' title='bbox 783 2061 928 2128; x_wconf 83' lang='grc' dir='ltr'><strong><em>ιέλέσθαι</em></strong></span> <span class='ocrx_word' id='word_1_142' title='bbox 958 2069 1118 2150; x_wconf 76' lang='grc' dir='ltr'><strong><em>πρέσβεις</em></strong></span> <span class='ocrx_word' id='word_1_143' title='bbox 1151 2062 1199 2140; x_wconf 89' lang='grc' dir='ltr'><strong><em>είς</em></strong></span> <span class='ocrx_word' id='word_1_144' title='bbox 1226 2057 1316 2148; x_wconf 82' lang='grc' dir='ltr'><strong><em>Ἐρέ-</em></strong></span> 
     </span>
     <span class='ocr_line' id='line_1_17' title="bbox 177 2161 1317 2256; baseline -0.003 -21"><span class='ocrx_word' id='word_1_145' title='bbox 177 2195 299 2256; x_wconf 90' lang='grc' dir='ltr'><strong><em>τριαν.</em></strong></span> <span class='ocrx_word' id='word_1_146' title='bbox 322 2217 328 2232; x_wconf 90' lang='grc'><strong>.</strong></span> <span class='ocrx_word' id='word_1_147' title='bbox 351 2219 356 2232; x_wconf 94' lang='grc'><strong><em>.</em></strong></span> <span class='ocrx_word' id='word_1_148' title='bbox 383 2170 440 2233; x_wconf 83' lang='grc' dir='ltr'><strong><em>καί</em></strong></span> <span class='ocrx_word' id='word_1_149' title='bbox 463 2165 570 2232; x_wconf 84' lang='grc' dir='ltr'><strong><em>πάλιν</em></strong></span> <span class='ocrx_word' id='word_1_150' title='bbox 592 2165 727 2253; x_wconf 79' lang='grc' dir='ltr'><strong><em>ἑτέρους</em></strong></span> <span class='ocrx_word' id='word_1_151' title='bbox 750 2165 921 2252; x_wconf 87' lang='grc' dir='ltr'><strong><em>αίρεῐσθαι</em></strong></span> <span class='ocrx_word' id='word_1_152' title='bbox 941 2166 989 2244; x_wconf 82' lang='grc' dir='ltr'><strong><em>εἰς</em></strong></span> <span class='ocrx_word' id='word_1_153' title='bbox 1001 2161 1120 2254; x_wconf 84' lang='grc' dir='ltr'><strong><em>Ὠρεὸν</em></strong></span> <span class='ocrx_word' id='word_1_154' title='bbox 1136 2165 1223 2252; x_wconf 89' lang='grc' dir='ltr'><strong><em>πρὸς</em></strong></span> <span class='ocrx_word' id='word_1_155' title='bbox 1238 2164 1317 2242; x_wconf 82' lang='grc' dir='ltr'><strong><em>τοὺς</em></strong></span> 
     </span>
     <span class='ocr_line' id='line_1_18' title="bbox 172 2265 1318 2361; baseline -0.007 -21"><span class='ocrx_word' id='word_1_156' title='bbox 172 2269 325 2361; x_wconf 79' lang='grc' dir='ltr'><strong><em>Ὠρείτας</em></strong></span> <span class='ocrx_word' id='word_1_157' title='bbox 349 2277 519 2359; x_wconf 84' lang='grc' dir='ltr'><strong><em>πρέσβεις,</em></strong></span> <span class='ocrx_word' id='word_1_158' title='bbox 546 2268 668 2346; x_wconf 83' lang='grc' dir='ltr'><strong><em>οἵτινες</em></strong></span> <span class='ocrx_word' id='word_1_159' title='bbox 691 2268 869 2357; x_wconf 80' lang='grc' dir='ltr'><strong><em>δεήσονται</em></strong></span> <span class='ocrx_word' id='word_1_160' title='bbox 892 2265 1007 2348; x_wconf 79' lang='grc' dir='ltr'><strong><em>αὑτοῖς</em></strong></span> <span class='ocrx_word' id='word_1_161' title='bbox 1023 2269 1082 2337; x_wconf 89' lang='grc' dir='ltr'><strong><em>τὸν</em></strong></span> <span class='ocrx_word' id='word_1_162' title='bbox 1101 2265 1205 2337; x_wconf 83' lang='grc' dir='ltr'><strong><em>αὐτὸν</em></strong></span> <span class='ocrx_word' id='word_1_163' title='bbox 1218 2268 1318 2357; x_wconf 68' lang='grc' dir='ltr'><em>Ἀθη-</em></span> 
     </span>
     <span class='ocr_line' id='line_1_19' title="bbox 176 2369 1317 2464; baseline -0.005 -20"><span class='ocrx_word' id='word_1_164' title='bbox 176 2383 286 2454; x_wconf 86' lang='grc' dir='ltr'><strong><em>ναίοις</em></strong></span> <span class='ocrx_word' id='word_1_165' title='bbox 309 2379 411 2464; x_wconf 81' lang='grc' dir='ltr'><strong><em>φίλον</em></strong></span> <span class='ocrx_word' id='word_1_166' title='bbox 433 2376 490 2440; x_wconf 88' lang='grc' dir='ltr'><strong><em>καί</em></strong></span> <span class='ocrx_word' id='word_1_167' title='bbox 514 2371 635 2460; x_wconf 76' lang='grc' dir='ltr'><strong><em>ἐχθρὸν</em></strong></span> <span class='ocrx_word' id='word_1_168' title='bbox 656 2373 808 2457; x_wconf 87' lang='grc' dir='ltr'><strong><em>νομίζειν</em></strong></span> <span class='ocrx_word' id='word_1_169' title='bbox 831 2369 928 2441; x_wconf 79' lang='grc' dir='ltr'><strong><em>εἶναι.</em></strong></span> <span class='ocrx_word' id='word_1_170' title='bbox 977 2375 1043 2441; x_wconf 85' lang='lat' dir='ltr'><strong><em>Sed</em></strong></span> <span class='ocrx_word' id='word_1_171' title='bbox 1064 2375 1178 2463; x_wconf 72' lang='lat' dir='ltr'><strong>[errare</strong></span> <span class='ocrx_word' id='word_1_172' title='bbox 1201 2374 1317 2439; x_wconf 86' lang='lat' dir='ltr'><strong>Busol·</strong></span> 
     </span>
     <span class='ocr_line' id='line_1_20' title="bbox 176 2475 1316 2565; baseline -0.008 -16"><span class='ocrx_word' id='word_1_173' title='bbox 176 2492 242 2549; x_wconf 90' lang='lat' dir='ltr'><strong>turn</strong></span> <span class='ocrx_word' id='word_1_174' title='bbox 265 2479 473 2564; x_wconf 77' lang='lat' dir='ltr'><strong>Thucydides</strong></span> <span class='ocrx_word' id='word_1_175' title='bbox 496 2477 710 2558; x_wconf 86' lang='lat' dir='ltr'><strong>demonstrat,</strong></span> <span class='ocrx_word' id='word_1_176' title='bbox 748 2497 819 2543; x_wconf 88' lang='lat' dir='ltr'><strong><em>cnm</em></strong></span> <span class='ocrx_word' id='word_1_177' title='bbox 842 2479 858 2543; x_wconf 92' lang='lat'><em>1</em></span> <span class='ocrx_word' id='word_1_178' title='bbox 881 2484 921 2542; x_wconf 83' lang='grc'><strong><em>44</em></strong></span> <span class='ocrx_word' id='word_1_179' title='bbox 945 2479 1059 2545; x_wconf 81' lang='lat' dir='ltr'><strong>refert:</strong></span> <span class='ocrx_word' id='word_1_180' title='bbox 1084 2475 1258 2565; x_wconf 64' lang='grc' dir='ltr'><strong><em>Ἀθηναῖοι</em></strong></span> <span class='ocrx_word' id='word_1_181' title='bbox 1280 2477 1316 2541; x_wconf 79' lang='grc' dir='ltr'><strong><em>δέ</em></strong></span> 
     </span>
     <span class='ocr_line' id='line_1_21' title="bbox 177 2576 1317 2668; baseline -0.004 -18"><span class='ocrx_word' id='word_1_182' title='bbox 177 2581 382 2660; x_wconf 78' lang='grc' dir='ltr'><strong><em>ἀκούσαντες</em></strong></span> <span class='ocrx_word' id='word_1_183' title='bbox 406 2576 611 2668; x_wconf 83' lang='grc' dir='ltr'><strong><em>ἀμφοτέρων</em></strong></span> <span class='ocrx_word' id='word_1_184' title='bbox 636 2581 899 2666; x_wconf 80' lang='lat' dir='ltr'><strong>(Corcyraeorum</strong></span> <span class='ocrx_word' id='word_1_185' title='bbox 923 2589 955 2648; x_wconf 87' lang='lat' dir='ltr'><strong><em>et</em></strong></span> <span class='ocrx_word' id='word_1_186' title='bbox 977 2582 1235 2666; x_wconf 78' lang='lat' dir='ltr'><strong>Corinthiorum),</strong></span> <span class='ocrx_word' id='word_1_187' title='bbox 1262 2605 1317 2666; x_wconf 80' lang='lat' dir='ltr'><strong><em>ys-</em></strong></span> 
     </span>
     <span class='ocr_line' id='line_1_22' title="bbox 178 2677 1318 2775; baseline -0.004 -19"><span class='ocrx_word' id='word_1_188' title='bbox 178 2693 319 2775; x_wconf 82' lang='grc' dir='ltr'><strong><em>νομένης</em></strong></span> <span class='ocrx_word' id='word_1_189' title='bbox 342 2688 399 2751; x_wconf 87' lang='grc' dir='ltr'><strong><em>καὶ</em></strong></span> <span class='ocrx_word' id='word_1_190' title='bbox 422 2686 472 2762; x_wconf 84' lang='grc' dir='ltr'><strong><em>δὶς</em></strong></span> <span class='ocrx_word' id='word_1_191' title='bbox 496 2683 682 2772; x_wconf 78' lang='grc' dir='ltr'><strong><em>ἐκκλησίας,</em></strong></span> <span class='ocrx_word' id='word_1_192' title='bbox 719 2692 759 2770; x_wconf 75' lang='grc' dir='ltr'><strong><em>τῇ</em></strong></span> <span class='ocrx_word' id='word_1_193' title='bbox 781 2685 844 2766; x_wconf 83' lang='grc' dir='ltr'><strong><em>μέν</em></strong></span> <span class='ocrx_word' id='word_1_194' title='bbox 866 2691 1017 2772; x_wconf 82' lang='grc' dir='ltr'><strong><em>προτέρᾳ</em></strong></span> <span class='ocrx_word' id='word_1_195' title='bbox 1041 2679 1101 2768; x_wconf 83' lang='grc' dir='ltr'><strong><em>οὐχ</em></strong></span> <span class='ocrx_word' id='word_1_196' title='bbox 1125 2677 1229 2772; x_wconf 80' lang='grc' dir='ltr'><strong><em>ἧσσον</em></strong></span> <span class='ocrx_word' id='word_1_197' title='bbox 1250 2692 1318 2752; x_wconf 83' lang='grc' dir='ltr'><strong><em>τῶν</em></strong></span> 
     </span>
     <span class='ocr_line' id='line_1_23' title="bbox 179 2783 1317 2879; baseline -0.005 -21"><span class='ocrx_word' id='word_1_198' title='bbox 179 2794 369 2879; x_wconf 83' lang='grc' dir='ltr'><strong><em>Κορινθίων</em></strong></span> <span class='ocrx_word' id='word_1_199' title='bbox 392 2783 600 2868; x_wconf 76' lang='grc' dir='ltr'><strong><em>ἀπεδέξαντο</em></strong></span> <span class='ocrx_word' id='word_1_200' title='bbox 617 2785 696 2865; x_wconf 82' lang='grc' dir='ltr'><strong><em>τοὺς</em></strong></span> <span class='ocrx_word' id='word_1_201' title='bbox 713 2785 842 2874; x_wconf 84' lang='grc' dir='ltr'><strong><em>λόγους,</em></strong></span> <span class='ocrx_word' id='word_1_202' title='bbox 870 2787 906 2855; x_wconf 87' lang='grc' dir='ltr'><strong><em>έν</em></strong></span> <span class='ocrx_word' id='word_1_203' title='bbox 921 2789 957 2854; x_wconf 79' lang='grc' dir='ltr'><strong><em>δέ</em></strong></span> <span class='ocrx_word' id='word_1_204' title='bbox 974 2783 1134 2875; x_wconf 79' lang='grc' dir='ltr'><strong><em>ὑστεραίᾳ</em></strong></span> <span class='ocrx_word' id='word_1_205' title='bbox 1150 2794 1317 2874; x_wconf 76' lang='grc' dir='ltr'><strong><em>μετέγνω-</em></strong></span> 
     </span>
     <span class='ocr_line' id='line_1_24' title="bbox 178 2887 1316 2979; baseline -0.004 -17"><span class='ocrx_word' id='word_1_206' title='bbox 178 2918 243 2962; x_wconf 91' lang='grc' dir='ltr'><strong><em>σαν</em></strong></span> <span class='ocrx_word' id='word_1_207' title='bbox 260 2898 481 2978; x_wconf 81' lang='grc' dir='ltr'><strong><em>Κερκυραίοις</em></strong></span> <span class='ocrx_word' id='word_1_208' title='bbox 502 2893 696 2974; x_wconf 83' lang='grc' dir='ltr'><strong><em>ξυμμαχίαν</em></strong></span> <span class='ocrx_word' id='word_1_209' title='bbox 716 2891 779 2974; x_wconf 83' lang='grc' dir='ltr'><strong><em>μὲν</em></strong></span> <span class='ocrx_word' id='word_1_210' title='bbox 800 2889 845 2979; x_wconf 74' lang='grc' dir='ltr'><strong><em>μὴ</em></strong></span> <span class='ocrx_word' id='word_1_211' title='bbox 861 2889 1071 2979; x_wconf 78' lang='grc' dir='ltr'><strong><em>ποιήσασθαι</em></strong></span> <span class='ocrx_word' id='word_1_212' title='bbox 1091 2887 1193 2958; x_wconf 84' lang='grc' dir='ltr'><strong><em>ὥστε</em></strong></span> <span class='ocrx_word' id='word_1_213' title='bbox 1217 2891 1316 2968; x_wconf 83' lang='grc' dir='ltr'><strong><em>τοὺς</em></strong></span> 
     </span>
     <span class='ocr_line' id='line_1_25' title="bbox 178 2993 1315 3084; baseline -0.004 -21"><span class='ocrx_word' id='word_1_214' title='bbox 178 2993 335 3074; x_wconf 79' lang='grc' dir='ltr'><strong><em>αὐτοὺς</em></strong></span> <span class='ocrx_word' id='word_1_215' title='bbox 365 2993 544 3080; x_wconf 79' lang='grc' dir='ltr'><strong><em>ἐχθροὺς</em></strong></span> <span class='ocrx_word' id='word_1_216' title='bbox 573 2996 643 3059; x_wconf 87' lang='grc' dir='ltr'><strong><em>καί</em></strong></span> <span class='ocrx_word' id='word_1_217' title='bbox 673 2997 828 3084; x_wconf 84' lang='grc' dir='ltr'><strong><em>φίλους</em></strong></span> <span class='ocrx_word' id='word_1_218' title='bbox 856 2995 1055 3078; x_wconf 86' lang='grc' dir='ltr'><strong><em>νομίζειν</em></strong></span> <span class='ocrx_word' id='word_1_219' title='bbox 1083 2995 1122 3079; x_wconf 71' lang='lat' dir='ltr'><strong><em>(si</em></strong></span> <span class='ocrx_word' id='word_1_220' title='bbox 1149 2993 1212 3082; x_wconf 74' lang='grc' dir='ltr'><strong><em>γὰρ</em></strong></span> <span class='ocrx_word' id='word_1_221' title='bbox 1245 2993 1315 3060; x_wconf 82' lang='grc' dir='ltr'><strong><em>ἐπί</em></strong></span> 
     </span>
     <span class='ocr_line' id='line_1_26' title="bbox 179 3098 1315 3187; baseline -0.002 -21"><span class='ocrx_word' id='word_1_222' title='bbox 179 3099 392 3186; x_wconf 81' lang='grc' dir='ltr'><strong><em>Κόρινθον</em></strong></span> <span class='ocrx_word' id='word_1_223' title='bbox 430 3098 629 3166; x_wconf 81' lang='grc' dir='ltr'><strong><em>ἐκέλευον</em></strong></span> <span class='ocrx_word' id='word_1_224' title='bbox 667 3105 820 3186; x_wconf 86' lang='grc' dir='ltr'><strong><em>σφίσιν</em></strong></span> <span class='ocrx_word' id='word_1_225' title='bbox 857 3100 896 3165; x_wconf 82' lang='lat' dir='ltr'><strong><em>oi</em></strong></span> <span class='ocrx_word' id='word_1_226' title='bbox 928 3106 1186 3187; x_wconf 86' lang='grc' dir='ltr'><strong><em>Κερκυραῖοι</em></strong></span> <span class='ocrx_word' id='word_1_227' title='bbox 1218 3101 1315 3181; x_wconf 87' lang='grc' dir='ltr'><strong><em>ξυμ-</em></strong></span> 
     </span>
     <span class='ocr_line' id='line_1_27' title="bbox 177 3196 1317 3290; baseline -0.001 -22"><span class='ocrx_word' id='word_1_228' title='bbox 177 3206 318 3284; x_wconf 88' lang='grc' dir='ltr'><strong><em>πλεῑν,</em></strong></span> <span class='ocrx_word' id='word_1_229' title='bbox 354 3196 479 3269; x_wconf 73' lang='grc' dir='ltr'><strong><em>έλύοντ’</em></strong></span> <span class='ocrx_word' id='word_1_230' title='bbox 506 3196 547 3268; x_wconf 75' lang='grc' dir='ltr'><strong><em>ἂν</em></strong></span> <span class='ocrx_word' id='word_1_231' title='bbox 578 3196 694 3280; x_wconf 77' lang='grc' dir='ltr'><strong><em>αὐτοῖς</em></strong></span> <span class='ocrx_word' id='word_1_232' title='bbox 718 3201 753 3267; x_wconf 82' lang='grc' dir='ltr'><strong><em>αλ</em></strong></span> <span class='ocrx_word' id='word_1_233' title='bbox 776 3200 864 3289; x_wconf 89' lang='grc' dir='ltr'><strong><em>πρὸς</em></strong></span> <span class='ocrx_word' id='word_1_234' title='bbox 886 3204 1186 3290; x_wconf 78' lang='grc' dir='ltr'><strong><em>Πελοποννησίους</em></strong></span> <span class='ocrx_word' id='word_1_235' title='bbox 1210 3225 1317 3267; x_wconf 88' lang='grc' dir='ltr'><strong><em>σπον-</em></strong></span> 
     </span>
     <span class='ocr_line' id='line_1_28' title="bbox 177 3303 1312 3394; baseline -0.003 -22"><span class='ocrx_word' id='word_1_236' title='bbox 177 3308 259 3392; x_wconf 79' lang='grc' dir='ltr'><strong><em>δαί),</em></strong></span> <span class='ocrx_word' id='word_1_237' title='bbox 287 3306 474 3389; x_wconf 80' lang='grc' dir='ltr'><strong><em>ἐπιμαχίαν</em></strong></span> <span class='ocrx_word' id='word_1_238' title='bbox 496 3304 521 3370; x_wconf 76' lang='lat' dir='ltr'><strong>d</strong></span> <span class='ocrx_word' id='word_1_239' title='bbox 550 3303 754 3394; x_wconf 76' lang='grc' dir='ltr'><strong><em>ἐποιήσαντο</em></strong></span> <span class='ocrx_word' id='word_1_240' title='bbox 777 3359 782 3370; x_wconf 97' lang='grc'>.</span> <span class='ocrx_word' id='word_1_241' title='bbox 805 3359 811 3370; x_wconf 95' lang='grc'><em>.</em></span> <span class='ocrx_word' id='word_1_242' title='bbox 834 3357 841 3369; x_wconf 88' lang='grc'><strong>.</strong></span> <span class='ocrx_word' id='word_1_243' title='bbox 867 3307 971 3372; x_wconf 81' lang='lat' dir='ltr'><strong>Etiam</strong></span> <span class='ocrx_word' id='word_1_244' title='bbox 996 3307 1183 3391; x_wconf 78' lang='lat' dir='ltr'><strong>Corcyraeis</strong></span> <span class='ocrx_word' id='word_1_245' title='bbox 1205 3307 1312 3390; x_wconf 84' lang='lat' dir='ltr'><strong>igitur,</strong></span> 
     </span>
     <span class='ocr_line' id='line_1_29' title="bbox 177 3409 1316 3495; baseline -0.005 -17"><span class='ocrx_word' id='word_1_246' title='bbox 177 3412 324 3494; x_wconf 89' lang='lat' dir='ltr'><strong>quamvis</strong></span> <span class='ocrx_word' id='word_1_247' title='bbox 347 3411 461 3495; x_wconf 88' lang='lat' dir='ltr'><strong>opibus</strong></span> <span class='ocrx_word' id='word_1_248' title='bbox 483 3409 649 3476; x_wconf 83' lang='lat' dir='ltr'><strong>inferiores</strong></span> <span class='ocrx_word' id='word_1_249' title='bbox 665 3418 775 3476; x_wconf 88' lang='lat' dir='ltr'><strong>essent</strong></span> <span class='ocrx_word' id='word_1_250' title='bbox 788 3410 1050 3494; x_wconf 85' lang='lat' dir='ltr'><strong>Atheniensibus,</strong></span> <span class='ocrx_word' id='word_1_251' title='bbox 1074 3411 1101 3476; x_wconf 93' lang='lat' dir='ltr'><strong>si</strong></span> <span class='ocrx_word' id='word_1_252' title='bbox 1117 3410 1230 3476; x_wconf 86' lang='lat' dir='ltr'><strong>foedus</strong></span> <span class='ocrx_word' id='word_1_253' title='bbox 1246 3427 1316 3474; x_wconf 87' lang='lat' dir='ltr'><strong>curn</strong></span> 
     </span>
     <span class='ocr_line' id='line_1_30' title="bbox 176 3512 1317 3595; baseline -0.002 -15"><span class='ocrx_word' id='word_1_254' title='bbox 176 3515 242 3580; x_wconf 92' lang='lat' dir='ltr'><strong>illis</strong></span> <span class='ocrx_word' id='word_1_255' title='bbox 265 3515 433 3595; x_wconf 85' lang='lat' dir='ltr'><strong>iecissent,</strong></span> <span class='ocrx_word' id='word_1_256' title='bbox 471 3513 513 3578; x_wconf 90' lang='lat' dir='ltr'><strong><em>ad</em></strong></span> <span class='ocrx_word' id='word_1_257' title='bbox 535 3514 655 3579; x_wconf 89' lang='lat' dir='ltr'><strong>bellum</strong></span> <span class='ocrx_word' id='word_1_258' title='bbox 679 3512 852 3580; x_wconf 82' lang='lat' dir='ltr'><strong>Corinthiis</strong></span> <span class='ocrx_word' id='word_1_259' title='bbox 874 3513 1078 3580; x_wconf 84' lang='lat' dir='ltr'><strong>inserendum</strong></span> <span class='ocrx_word' id='word_1_260' title='bbox 1101 3513 1317 3580; x_wconf 81' lang='lat' dir='ltr'><strong>Athenienses</strong></span> 
     </span>
     <span class='ocr_line' id='line_1_31' title="bbox 179 3617 1315 3704; baseline -0.005 -20"><span class='ocrx_word' id='word_1_261' title='bbox 179 3638 293 3703; x_wconf 85' lang='lat' dir='ltr'><strong>cogere</strong></span> <span class='ocrx_word' id='word_1_262' title='bbox 324 3617 477 3684; x_wconf 88' lang='lat' dir='ltr'><strong>licuisset.</strong></span> <span class='ocrx_word' id='word_1_263' title='bbox 532 3617 637 3700; x_wconf 83' lang='lat' dir='ltr'><strong>Atque</strong></span> <span class='ocrx_word' id='word_1_264' title='bbox 671 3617 756 3682; x_wconf 86' lang='lat' dir='ltr'><strong>hanc</strong></span> <span class='ocrx_word' id='word_1_265' title='bbox 787 3617 852 3683; x_wconf 89' lang='lat' dir='ltr'><strong><em>vim</em></strong></span> <span class='ocrx_word' id='word_1_266' title='bbox 886 3618 920 3682; x_wconf 94' lang='lat' dir='ltr'><strong><em>in</em></strong></span> <span class='ocrx_word' id='word_1_267' title='bbox 949 3618 1022 3704; x_wconf 91' lang='lat' dir='ltr'><strong>ipsa</strong></span> <span class='ocrx_word' id='word_1_268' title='bbox 1043 3637 1122 3684; x_wconf 86' lang='lat' dir='ltr'><strong>voce</strong></span> <span class='ocrx_word' id='word_1_269' title='bbox 1145 3618 1315 3699; x_wconf 85' lang='grc' dir='ltr'><strong><em>ξυμμαχία</em></strong></span> 
     </span>
     <span class='ocr_line' id='line_1_32' title="bbox 179 3719 1316 3804; baseline -0.001 -19"><span class='ocrx_word' id='word_1_270' title='bbox 179 3722 288 3787; x_wconf 88' lang='lat' dir='ltr'><strong>inesse</strong></span> <span class='ocrx_word' id='word_1_271' title='bbox 311 3720 382 3804; x_wconf 91' lang='lat' dir='ltr'><strong>quis</strong></span> <span class='ocrx_word' id='word_1_272' title='bbox 405 3721 447 3786; x_wconf 88' lang='lat' dir='ltr'><strong>sit</strong></span> <span class='ocrx_word' id='word_1_273' title='bbox 469 3720 547 3802; x_wconf 92' lang='lat' dir='ltr'><strong>quin</strong></span> <span class='ocrx_word' id='word_1_274' title='bbox 581 3719 713 3786; x_wconf 79' lang='lat' dir='ltr'><strong>videat?</strong></span> <span class='ocrx_word' id='word_1_275' title='bbox 734 3759 777 3770; x_wconf 92' lang='lat'><em>-</em></span> <span class='ocrx_word' id='word_1_276' title='bbox 804 3721 854 3787; x_wconf 90' lang='lat' dir='ltr'><strong><em>De</em></strong></span> <span class='ocrx_word' id='word_1_277' title='bbox 876 3743 908 3786; x_wconf 87' lang='lat' dir='ltr'><strong><em>v.</em></strong></span> <span class='ocrx_word' id='word_1_278' title='bbox 937 3722 1040 3786; x_wconf 82' lang='lat' dir='ltr'>19ss.</span> <span class='ocrx_word' id='word_1_279' title='bbox 1066 3721 1102 3787; x_wconf 83' lang='lat' dir='ltr'><strong><em>C.</em></strong></span> <span class='ocrx_word' id='word_1_280' title='bbox 1127 3721 1153 3785; x_wconf 91' lang='grc' dir='ltr'><strong><em>Ι,</em></strong></span> <span class='ocrx_word' id='word_1_281' title='bbox 1180 3720 1252 3785; x_wconf 77' lang='lat' dir='ltr'><strong><em>Al</em></strong></span> <span class='ocrx_word' id='word_1_282' title='bbox 1279 3723 1316 3784; x_wconf 83' lang='lat'><strong><em>13</em></strong></span> 
     </span>
     <span class='ocr_line' id='line_1_33' title="bbox 176 3817 796 3910; baseline -0.003 -19"><span class='ocrx_word' id='word_1_283' title='bbox 176 3846 206 3891; x_wconf 86' lang='lat' dir='ltr'><strong><em>v.</em></strong></span> <span class='ocrx_word' id='word_1_284' title='bbox 237 3827 291 3888; x_wconf 85' lang='lat'><strong><em>13:</em></strong></span> <span class='ocrx_word' id='word_1_285' title='bbox 321 3817 396 3889; x_wconf 74' lang='grc' dir='ltr'><strong><em>οὔτε</em></strong></span> <span class='ocrx_word' id='word_1_286' title='bbox 420 3821 562 3908; x_wconf 79' lang='grc' dir='ltr'><strong><em>λ]ο’μω[ι]</em></strong></span> <span class='ocrx_word' id='word_1_287' title='bbox 591 3817 657 3888; x_wconf 76' lang='grc' dir='ltr'><strong><em>οὔτ’</em></strong></span> <span class='ocrx_word' id='word_1_288' title='bbox 684 3821 796 3910; x_wconf 68' lang='grc' dir='ltr'><strong><em>έρλγιμ.</em></strong></span> 
     </span>
     <span class='ocr_line' id='line_1_34' title="bbox 264 3923 1163 4016; baseline 0.004 -24"><span class='ocrx_word' id='word_1_289' title='bbox 264 3928 304 3992; x_wconf 85' lang='lat' dir='ltr'><strong><em>fr.</em></strong></span> <span class='ocrx_word' id='word_1_290' title='bbox 330 3948 359 4006; x_wconf 86' lang='lat' dir='ltr'><strong><em>a,</em></strong></span> <span class='ocrx_word' id='word_1_291' title='bbox 386 3949 415 3992; x_wconf 89' lang='lat' dir='ltr'><strong><em>v.</em></strong></span> <span class='ocrx_word' id='word_1_292' title='bbox 444 3931 460 3989; x_wconf 76' lang='lat'><strong>7</strong></span> <span class='ocrx_word' id='word_1_293' title='bbox 487 3947 555 4012; x_wconf 89' lang='lat' dir='ltr'><strong>sqq.</strong></span> <span class='ocrx_word' id='word_1_294' title='bbox 582 3928 629 3993; x_wconf 91' lang='lat' dir='ltr'><strong>sic</strong></span> <span class='ocrx_word' id='word_1_295' title='bbox 652 3929 741 4012; x_wconf 84' lang='lat' dir='ltr'><strong>lego:</strong></span> <span class='ocrx_word' id='word_1_296' title='bbox 773 3931 794 4012; x_wconf 86' lang='lat'><strong><em>[.</em></strong></span> <span class='ocrx_word' id='word_1_297' title='bbox 816 3978 822 3991; x_wconf 95' lang='lat'>.</span> <span class='ocrx_word' id='word_1_298' title='bbox 845 3927 949 4006; x_wconf 80' lang='grc' dir='ltr'><strong><em>,τοὺς</em></strong></span> <span class='ocrx_word' id='word_1_299' title='bbox 972 3929 1008 3994; x_wconf 82' lang='grc' dir='ltr'><strong><em>δέ</em></strong></span> <span class='ocrx_word' id='word_1_300' title='bbox 1033 3923 1163 4016; x_wconf 79' lang='grc' dir='ltr'><strong><em>ὅρκους]</em></strong></span> 
     </span>
     <span class='ocr_line' id='line_1_35' title="bbox 221 4027 1319 4120; baseline 0.002 -24"><span class='ocrx_word' id='word_1_301' title='bbox 221 4035 256 4096; x_wconf 87' lang='grc'><strong><em>8;</em></strong></span> <span class='ocrx_word' id='word_1_302' title='bbox 285 4029 406 4107; x_wconf 80' lang='grc' dir='ltr'><strong><em>οἵτινες</em></strong></span> <span class='ocrx_word' id='word_1_303' title='bbox 422 4027 606 4118; x_wconf 66' lang='grc' dir='ltr'><strong><em>λήίψονται</em></strong></span> <span class='ocrx_word' id='word_1_304' title='bbox 627 4032 754 4116; x_wconf 85' lang='lat' dir='ltr'><strong>(desunt</strong></span> <span class='ocrx_word' id='word_1_305' title='bbox 772 4037 806 4094; x_wconf 90' lang='lat' dir='ltr'><strong><em>ii</em></strong></span> <span class='ocrx_word' id='word_1_306' title='bbox 832 4033 970 4114; x_wconf 83' lang='lat' dir='ltr'><strong>litterae,</strong></span> <span class='ocrx_word' id='word_1_307' title='bbox 990 4032 1126 4099; x_wconf 80' lang='lat' dir='ltr'><strong>sonasse</strong></span> <span class='ocrx_word' id='word_1_308' title='bbox 1143 4029 1319 4120; x_wconf 79' lang='grc' dir='ltr'><strong><em>ἐξορκοῦν-</em></strong></span> 
     </span>
     <span class='ocr_line' id='line_1_36' title="bbox 639 4133 917 4223; baseline 0 -23"><span class='ocrx_word' id='word_1_309' title='bbox 639 4137 739 4218; x_wconf 71' lang='lat' dir='ltr'><strong>tegi),</strong></span> <span class='ocrx_word' id='word_1_310' title='bbox 766 4133 826 4202; x_wconf 85' lang='grc' dir='ltr'><strong><em>τὸν</em></strong></span> <span class='ocrx_word' id='word_1_311' title='bbox 848 4135 917 4223; x_wconf 68' lang='grc' dir='ltr'><strong><em>τλῆ-λ</em></strong></span> 
     </span>
     <span class='ocr_line' id='line_1_37' title="bbox 221 4233 1184 4326; baseline 0.004 -22"><span class='ocrx_word' id='word_1_312' title='bbox 221 4242 256 4304; x_wconf 79' lang='lat'><strong><em>9:</em></strong></span> <span class='ocrx_word' id='word_1_313' title='bbox 283 4263 349 4321; x_wconf 88' lang='grc' dir='ltr'><strong><em>μον</em></strong></span> <span class='ocrx_word' id='word_1_314' title='bbox 371 4244 472 4304; x_wconf 85' lang='grc' dir='ltr'><strong><em>πέντε</em></strong></span> <span class='ocrx_word' id='word_1_315' title='bbox 497 4234 637 4325; x_wconf 65' lang='grc' dir='ltr'><strong><em>ἄνλὸρας</em></strong></span> <span class='ocrx_word' id='word_1_316' title='bbox 661 4239 797 4306; x_wconf 82' lang='grc' dir='ltr'><strong><em>έλέοθαι</em></strong></span> <span class='ocrx_word' id='word_1_317' title='bbox 820 4233 940 4306; x_wconf 79' lang='grc' dir='ltr'><strong><em>αὐτίκα</em></strong></span> <span class='ocrx_word' id='word_1_318' title='bbox 963 4238 1065 4324; x_wconf 85' lang='grc' dir='ltr'><strong><em>μάλα.</em></strong></span> <span class='ocrx_word' id='word_1_319' title='bbox 1094 4238 1184 4326; x_wconf 74' lang='grc' dir='ltr'><strong><em>τοὺ]-</em></strong></span> 
     </span>
     <span class='ocr_line' id='line_1_38' title="bbox 202 4336 709 4430; baseline 0.006 -26"><span class='ocrx_word' id='word_1_320' title='bbox 202 4345 257 4407; x_wconf 85' lang='lat'><strong><em>10:</em></strong></span> <span class='ocrx_word' id='word_1_321' title='bbox 284 4341 360 4418; x_wconf 79' lang='grc' dir='ltr'><strong><em>ςδὲ</em></strong></span> <span class='ocrx_word' id='word_1_322' title='bbox 384 4336 709 4430; x_wconf 74' lang='grc' dir='ltr'><strong><em>ὁμήρους.,.---</em></strong></span> 
     </span>
    </p>
   </div>
   <div class='ocr_carea' id='block_1_3' title="bbox 0 0 1642 4934">
    <p class='ocr_par' dir='ltr' id='par_1_3' title="bbox 0 0 1642 4934">
     <span class='ocr_line' id='line_1_39' title="bbox 0 0 1642 4934; baseline 0 0"><span class='ocrx_word' id='word_1_323' title='bbox 0 0 1642 4934; x_wconf 95' lang='lat' dir='ltr'><strong><em> </em></strong></span> 
     </span>
    </p>
   </div>
  </div>
 </body>
</html>
