3274 4934
669 411 884 474 ..25-

203 581 313 663 regiae
328 581 526 663 maiestatis,
552 581 573 645 i.
593 601 621 645 e.
649 581 756 666 regiae
772 582 881 666 stirpis
905 582 1015 647 fuisse.
1062 579 1164 658 Quem
1187 581 1231 645 ad
1254 601 1345 646 usum

205 685 291 749 vocis
316 677 403 772 ἀκμή
428 683 532 768 qualis
554 683 684 752 aliunde
709 691 803 750 notus
819 706 882 751 non
899 691 965 764 est,
991 685 1050 750 illa
1064 683 1193 750 Homeri
1211 684 1347 749 conferri

205 794 337 873 possunt
364 786 414 865 ἰ’ς,
446 791 563 871 μένος,
590 792 664 876 βίη,
699 789 815 875 quibus
841 788 978 854 bominis
1005 788 1099 854 robur
1121 808 1224 873 aeque
1250 793 1347 872 atque

205 893 360 959 vocabulo
390 885 477 979 ἀκμή
504 891 563 958 flos
589 893 705 959 aetatis
728 893 924 959 sollemniter
946 892 1143 977 designatur.
1184 891 1289 976 Atque
1312 898 1347 958 ut

204 997 291 1082 apud
308 998 483 1064 Homerum
506 997 604 1062 verba
627 994 697 1084 ἱερὴ
719 996 752 1074 ἲς
777 995 1003 1084 Τηλεμάχοιο,
1036 993 1177 1084 κρατερὴ
1199 995 1232 1072 ἲς
1252 991 1348 1062 'Odo-

206 1108 300 1188 σῇος,
332 1105 433 1184 μένος
456 1097 660 1182 Ἀλκινόοιο,
695 1095 984 1187 ῥιένος’(Ἐκτσρος,
1017 1103 1074 1188 βίη
1094 1093 1283 1186 Ἡρακλῆος
1305 1100 1347 1165 ad

204 1204 388 1272 Telemachi
403 1205 507 1272 Ulixis
530 1211 704 1271 ceterorum
727 1225 881 1290 personas
904 1203 1131 1272 describendae
1153 1205 1277 1270 valent:
1301 1203 1346 1270 ita

205 1305 314 1396 μάτηρ
337 1305 532 1396 βασιλήιδος
548 1302 657 1392 danus
679 1307 763 1375 idem
780 1315 829 1375 cst
843 1329 881 1374 ac
896 1305 1003 1396 μήτηρ
1018 1310 1217 1392 ducellum
1243 1328 1347 1390 neque

206 1413 332 1480 diverso
354 1412 447 1479 modo
465 1411 560 1478 Kaib.
587 1435 623 1478 n.
645 1415 725 1498 989,
745 1415 764 1476 3
792 1413 831 1495 (v.
858 1412 942 1478 infra
958 1413 983 1480 G
999 1434 1030 1478 v.
1049 1414 1078 1498 5)
1105 1409 1208 1500 ἒράσα
1230 1407 1348 1498 μόρφα

208 1513 404 1604 βασιλήιὸος
428 1513 537 1600 danae
565 1537 622 1602 pro
647 1514 747 1604 ἐρατὴ
775 1513 890 1604 μόρφη
921 1517 1121 1605 βασιλίσσης
1144 1516 1263 1584 dictum
1286 1522 1345 1599 est,

208 1628 244 1687 ut
263 1619 573 1686 circumscriberetur
593 1620 678 1686 notio
700 1621 894 1704 βασιλίσσοι.
923 1621 1029 1686 Verba
1045 1619 1161 1686 deinde
1177 1626 1224 1684 σιῖι
1245 1615 1350 1684 πάσε-

210 1749 268 1812 ρος
292 1724 328 1790 δὲ
351 1721 463 1812 celano
487 1723 758 1810 simplicissimum
781 1731 830 1790 est
844 1745 915 1790 cnm
932 1725 1128 1792 Mommseno
1149 1724 1191 1808 (in
1207 1724 1350 1790 Kaibelii

209 1830 331 1914 adnot.)
351 1827 393 1894 ad
416 1833 543 1914 μᾶσρος
564 1828 650 1911 quod
672 1828 816 1914 proxime
839 1827 1008 1894 antecedat
1028 1827 1165 1910 reterre,
1192 1834 1227 1893 ut
1245 1827 1351 1912 expli-

208 1940 297 2000 cetur
311 1953 373 2018 quo
388 1932 457 1998 iure
473 1931 603 1998 Balbilli
619 1938 721 2000 mater
736 1931 845 2016 regiae
862 1931 970 2017 stirpis
986 1930 1086 1998 fuisse
1102 1930 1238 1998 dicatur.

295 2072 443 2138 Ceterum
466 2071 550 2136 bunc
573 2069 747 2136 Balbillum
773 2069 963 2136 Letronnius
984 2075 1016 2135 et
1031 2068 1186 2134 Francius
1208 2068 1347 2134 cundem

137 2253 139 2257 v
209 2172 878 2258 esseconieceruntquiNeroneimperante
888 2175 1068 2258 Aegyptum
1078 2171 1345 2237 administrasset.

210 2278 304 2357 Quod
327 2278 355 2344 si
378 2297 487 2344 verum
512 2283 615 2359 essct,
642 2276 784 2342 Balbilla
806 2276 876 2342 eius
898 2275 966 2342 filia
988 2297 1059 2342 cum
1082 2276 1179 2343 etiam
1194 2275 1349 2340 Hadriani

209 2387 315 2448 aetate
341 2401 425 2446 anno
452 2383 512 2446 130
529 2403 560 2466 p.
580 2379 639 2447 (lh.
663 2379 805 2461 vireret,
831 2386 916 2446 certe
931 2400 1050 2445 annum
1077 2378 1349 2465 septuagesimum

210 2483 390 2552 excessisse
413 2484 558 2569 {tutanda
581 2483 678 2548 soret:
704 2503 801 2565 quam
816 2489 955 2550 aetatem
978 2483 1032 2549 isti
1047 2483 1188 2567 poetriae
1210 2483 1350 2566 impera-

210 2587 288 2654 toris
304 2586 411 2653 comiti
426 2587 481 2652 vix
496 2585 664 2670 quisquam
680 2585 834 2652 tribuerit.
882 2586 1000 2652 Verum
1017 2625 1059 2634 -
1073 2585 1108 2651 id
1122 2585 1207 2670 quod
1221 2583 1350 2650 maioris

211 2689 362 2757 momenti
391 2697 497 2756 cst-
512 2695 644 2772 uterque
670 2689 764 2754 homo
791 2689 903 2755 doctus
928 2689 1036 2755 omisit
1056 2688 1228 2755 Balbillum
1255 2707 1351 2774 prae-

212 2793 329 2860 lectum
352 2793 493 2878 Aegypti
518 2813 536 2859 e
557 2798 653 2876 gente
669 2791 822 2874 Claudia,
849 2789 1021 2858 Balbillam
1043 2791 1232 2878 poetriame
1254 2797 1350 2874 gente

212 2897 296 2962 Iulia
322 2901 363 2979 [v.
383 2895 479 2961 Kaib.
505 2917 538 2960 n.
557 2898 619 2960 990
632 2889 775 2971 Ἰουλίας
798 2895 1000 2980 Bolbitine]
1026 2895 1143 2978 fnisse,
1176 2901 1211 2960 ut
1232 2913 1272 2960 ea
1294 2913 1350 2978 pro

211 3000 298 3066 illius
322 2997 453 3065 Balbilli
467 2997 533 3064 filia
549 2998 660 3064 haberi
675 3005 825 3082 nequeat.

298 3137 336 3201 V.
364 3139 404 3201 20
428 3141 508 3201 extr.
534 3135 630 3201 Bailii
652 3135 747 3203 lectio
770 3134 903 3222 yodruro
927 3128 1004 3199 τάδ’
1029 3128 1186 3216 sicilicos·
1208 3152 1270 3197 non
1285 3137 1350 3222 tam

213 3239 336 3305 L'llbtii
359 3245 391 3305 et
405 3239 514 3324 Lepsii
535 3259 631 3322 quam
655 3239 746 3306 Saltii
771 3239 919 3324 exemplo
940 3236 1120 3322 certiusque
1143 3237 1213 3323 ipso
1236 3239 1351 3320 ectypo

214 3343 367 3410 firmatur.

765 3599 801 3668 G.

301 3794 338 3860 G.
364 3793 390 3858 Ι.
416 3793 456 3858 G.
481 3796 564 3858 4729
589 3792 663 3858 coll.
686 3791 771 3857 nod.
798 3793 846 3856 111
874 3813 908 3876 p.
937 3793 1028 3855 1202.
1076 3789 1194 3854 Kaibel
1217 3810 1249 3853 n.
1274 3791 1348 3854 989.

215 3897 351 3982 Lepsius
367 3897 410 3962 Vl
425 3898 491 3962 tab.
510 3901 551 3963 80
568 3896 624 3963 Gr.
647 3898 716 3962 108.
742 3896 901 3982 Ectypum
918 3893 1047 3962 contuli.
