3274 4934
691 603 695 624 Ι
753 497 843 582 [251]
1164 509 1171 520 ’
1323 515 1365 576 aa

234 685 399 751 extollenti
431 711 458 768 y,
488 687 538 751 Ad
563 687 748 754 Sallustium
773 689 919 775 Crispum
950 695 1173 762 encomiastice
1196 703 1369 768 tetracolon

234 793 307 872 AB,
330 791 450 856 Dicane
474 791 514 855 ad
537 792 721 858 Sallustium
743 793 890 879 Crispum
913 797 998 882 quod
1018 797 1097 881 (om.
1114 805 1150 880 n)
1166 802 1216 866 ius
1232 805 1369 871 liberali·

232 894 304 957 tatis
329 894 454 958 extollit
476 897 580 978 gratie
603 895 700 980 Fra).

335 996 456 1064 *II-4:
477 997 527 1068 Nc
547 1003 589 1066 eit
611 1003 746 1068 cuddae
768 1004 824 1068 tihi
844 1025 937 1068 amor
955 1007 1075 1090 madert
1097 1015 1151 1074 etc.

335 1099 605 1188 (Proephonetice
619 1105 790 1191 alloquitur
804 1105 950 1172 sodalem
966 1131 1057 1176 suum
1076 1112 1218 1178 Focaum
1236 1135 1369 1181 mouens

232 1225 271 1269 ne
293 1204 420 1270 deserat
443 1207 653 1272 concubinam
677 1229 767 1273 suam
786 1209 954 1276 Plrillidem
978 1222 1132 1300 appetens
1156 1217 1251 1282 talem
1268 1221 1369 1303 qualis

231 1309 291 1374 fuit
313 1308 456 1374 Xanthia
470 1310 529 1391 Fr,
553 1310 807 1395 Proephonetice
829 1313 869 1378 ad
886 1315 1062 1380 Xanthiam
1086 1317 1227 1383 sodalem
1250 1341 1369 1404 genere

232 1411 374 1478 Fooeum
397 1415 542 1479 ancillam
559 1435 666 1478 amare
680 1415 797 1480 crimen
813 1439 876 1482 non
895 1441 962 1483 esse
978 1444 1004 1500 y,
1023 1421 1074 1483 Ad
1093 1421 1272 1486 Xanchiam
1292 1422 1370 1488 Tra·

232 1515 342 1602 liptam
355 1517 501 1582 ancillam
512 1537 620 1583 amare
633 1519 750 1582 crimen
767 1539 830 1583 non
847 1541 916 1583 esse
929 1523 1124 1608 protreptice
1141 1526 1313 1590 tetracolon
1327 1525 1369 1608 τ).

335 1619 370 1685 ΙΙ
392 1625 430 1686 6:
455 1621 597 1705 Septimi,
621 1621 727 1688 Gaas
748 1623 876 1688 aditura
897 1644 1016 1688 mecum
1038 1633 1067 1688 et
1089 1632 1143 1690 etr.

335 1723 605 1810 (Proephonetice
619 1725 773 1811 Septimio
789 1725 829 1804 F,
846 1726 897 1790 Ad
914 1725 1104 1810 Septimium
1119 1731 1367 1814 prosphonetico

232 1826 467 1914 (proeponatioe
492 1831 522 1912 τ)
545 1830 720 1896 tetracolos
744 1855 781 1912 yr
803 1833 871 1906 al).

335 1930 398 1996 *11
422 1937 457 1998 t:
482 1933 509 1998 0
531 1955 622 2018 saepe
644 1955 762 2000 mecam
786 1943 906 2020 tempus
928 1937 963 2000 ia
984 1937 1130 2000 ultimum
1151 1943 1206 2000 etc.

334 2036 400 2120 (Ad
422 2037 593 2122 Pompium
616 2039 738 2103 Varum
772 2041 980 2124 proponetioe
1007 2041 1178 2104 tetracolos
1203 2065 1237 2120 r,
1270 2041 1367 2108 Prao·

210 2205 215 2215 ,
230 2139 345 2204 metica
368 2140 419 2204 vel
443 2139 689 2225 prosphonetioe
706 2143 878 2208 tetracolos
894 2142 933 2208 ad
952 2141 1097 2207 Oratium
1110 2143 1280 2232 Pompium
1293 2165 1367 2210 con·

231 2242 376 2310 sodalem
391 2268 419 2326 y,
442 2243 644 2329 Pragmatice
658 2244 697 2307 ad
716 2243 887 2310 Horatium
906 2246 1097 2329 Pompilium
1121 2245 1367 2313 commilitonem

231 2347 421 2414 Brutiauum
443 2371 538 2435 quem
562 2357 725 2433 receptum
749 2349 781 2412 in
803 2351 907 2433 patria
929 2351 1042 2414 inritat
1064 2350 1138 2429 Fr).

334 2449 367 2517 Il
393 2454 450 2517 12:
472 2451 566 2518 Notis
587 2452 683 2536 toapa
697 2451 797 2537 saroa
819 2451 899 2518 hetto
920 2451 1115 2518 Numantiae
1137 2459 1192 2518 ato.

335 2554 404 2640 (Ad
428 2556 594 2624 Meconem
616 2557 862 2643 prosphonetico
885 2553 1057 2621 tetracolos
1079 2556 1120 2638 τ).

333 2657 368 2724 ΙΙ
393 2663 451 2724 14:
474 2660 564 2725 Eheu
578 2659 730 2745 superea,
753 2660 911 2741 Postumo,
937 2659 1086 2725 Postume
1107 2667 1160 2725 etc.

294 2763 561 2850 (Proephonetice
572 2763 745 2828 tetracolos
754 2763 793 2828 ad
805 2765 995 2828 Postumum
1006 2763 1219 2828 deceleritate
1230 2765 1314 2831 vitae
1325 2767 1366 2848 γ).

333 2865 387 2932 Ill
413 2871 467 2931 ll:
489 2865 646 2948 Merturt,
669 2888 744 2932 nam
766 2874 794 2932 ta
817 2868 929 2932 ducitis
950 2869 1105 2950 capistro
1128 2873 1184 2931 etc.

335 2970 607 3055 (Proephonetice
629 2971 787 3037 Mercurio
810 2973 960 3057 lyraeque
984 2970 1077 3052 Fly).

333 3073 414 3140 *ΙΙΙ
438 3076 496 3138 23:
521 3073 614 3140 Gaetu
634 3077 768 3160 supinos
790 3078 819 3140 ei
840 3077 951 3141 talaria
971 3094 1086 3140 moneto
1107 3081 1162 3138 oto.

335 3177 607 3266 (Proephonetice
631 3179 816 3246 monocolos
834 3179 873 3244 ad
893 3179 1041 3244 Phidileu
1057 3179 1208 3244 rusticam
1226 3201 1254 3261 y,
1270 3179 1366 3245 Pros-

233 3283 337 3349 eutice
358 3283 545 3349 monocolos
568 3283 694 3348 Phidile
717 3283 782 3364 aa
805 3282 878 3348 add.
902 3289 933 3347 l:
957 3280 1137 3365 rusticam).

333 3385 413 3453 *ΙΙΙ
436 3389 495 3453 29;
519 3387 688 3474 Tyrrhena
709 3408 819 3472 rapum
840 3379 1016 3472 properatae,
1039 3386 1096 3451 tihi
1117 3393 1171 3450 ato.

335 3490 604 3578 (Proephonetice
634 3491 794 3556 Meceuati
822 3490 880 3566 Fr,
912 3491 1163 3576 Proephonetice
1186 3487 1369 3572 paranetiee

232 3593 389 3659 Meoenati
413 3618 440 3676 y,
464 3595 515 3659 Ad
538 3595 759 3660 Maecenatem
780 3595 983 3678 paraenetica
1007 3582 1242 3678 (paraetioeA)
1269 3593 1357 3672 AB).

334 3695 416 3761 *ΙΙΙ
438 3699 495 3762 27:
518 3697 639 3781 Impius
656 3717 780 3781 parrae
802 3697 969 3763 recinentis
992 3715 1080 3761 aaran
1101 3703 1156 3760 etc.

335 3800 603 3885 (Proephonetice
626 3799 666 3863 ad
685 3799 853 3864 Galateam
879 3799 927 3864 sui
948 3819 1012 3863 non
1036 3820 1105 3864 esso
1128 3818 1301 3862 memorem
1319 3795 1368 3862 Fa

233 3905 313 3986 (sim.
336 3902 384 3990 π),
403 3902 658 3986 Proephonetice
681 3902 721 3966 ad
745 3902 926 3967 Galathiam
955 3902 1004 3966 sui
1028 3921 1090 3966 non
1116 3922 1186 3967 ease
1216 3902 1369 3965 inmemo-

801 4007 808 4020 '
907 4007 936 4066 B
970 4053 978 4068 .

232 4031 299 4076 ¹⁰³¹
323 4033 352 4149 tp
363 4009 433 4179 llll
450 4007 646 4193 (lllaotllhll
665 4007 849 4176 lrlllrtillrtltlrl
864 4004 1020 4193 placillae
1042 4109 1148 4172 alitem
1171 4115 1225 4172 ata.

336 4214 404 4300 (ad
428 4218 538 4282 urbem
563 4215 742 4280 Ronranam
766 4215 916 4296 (Romam
941 4211 974 4294 y]
998 4211 1038 4275 do
1059 4211 1158 4277 indoli
1184 4211 1305 4294 (indole
1329 4209 1363 4292 y)

234 4319 349 4384 docum
373 4319 619 4405 prosphonetico
647 4318 869 4385 encomiastice
899 4317 1071 4383 tetracolos
1093 4319 1211 4399 ABl73
1241 4313 1313 4382 add.
1331 4320 1365 4377 t:

232 4425 264 4491 in
286 4423 384 4488 Drusi
406 4423 542 4492 Neronis
565 4421 743 4506 virtutem).
