3226 4932
590 433 633 446 --
680 397 764 480 [aas]
812 433 855 444 -

238 587 276 653 ln
298 585 432 654 canticis
454 585 664 672 popularibus
686 605 812 672 quoqne
833 585 920 653 idam
942 585 1013 654 lieri
1034 585 1118 652 solet
1138 605 1170 652 e.
1193 606 1246 671 g..

260 1273 313 1340 ioh
342 1291 378 1338 so
414 1279 485 1340 han
500 1310 517 1320 -
531 1273 582 1357 rig
625 1273 681 1340 bru
831 1273 883 1340 ein
900 1280 961 1340 eto.

154 1391 219 1458 Sed
240 1412 304 1458 non
326 1393 429 1459 solum
451 1399 559 1460 nostro
581 1399 614 1460 et
636 1393 768 1460 Lutheri
796 1400 940 1478 tempore
962 1393 1022 1459 hoc
1043 1391 1136 1459 modo
1158 1393 1288 1460 clansa-

154 1496 204 1562 lae
228 1495 401 1562 femininae
423 1497 558 1582 exprimi
580 1497 697 1578 solent,
732 1495 790 1563 sed
818 1516 859 1562 ex
887 1495 1118 1579 antiquissimis
1140 1497 1288 1582 operibus

154 1599 285 1665 musicis
314 1599 400 1665 idem
430 1599 575 1666 conicere
605 1599 698 1682 licet,
730 1620 923 1684 quamquam
950 1608 1024 1664 ants
1046 1601 1094 1664 XI
1123 1601 1288 1666 saeculum

153 1702 321 1788 rhythmus
350 1723 415 1770 non
443 1704 612 1770 notabatur
640 1724 744 1788 neque
773 1721 942 1769 mensurae
970 1705 1092 1786 (motus)
1126 1703 1289 1772 discerna-

154 1807 280 1873 bantur.
320 1808 402 1873 Nam
426 1808 614 1893 saepissime
636 1807 669 1873 in
692 1814 787 1874 cautu
802 1807 999 1892 Gregoriano
1019 1807 1099 1872 etin
1114 1807 1187 1874 aliis
1203 1827 1290 1874 com-

154 1909 365 1994 positionibus
381 1911 582 1978 saeculorum
596 1918 672 1976 anto
687 1910 746 1976 XI.
771 1910 805 1976 in
827 1909 980 1976 clausulis
1003 1908 1165 1976 femininis
1188 1929 1289 1996 paen-

154 2012 266 2080 ultima
295 2015 424 2100 syllaba
451 2014 597 2100 pluribus
630 2014 713 2080 notis
747 2013 876 2080 musicis
910 2011 1093 2096 insignitur.
1140 2013 1288 2099 Exempli

153 2116 223 2182 loco
245 2117 387 2202 proferre
408 2117 504 2184 liceat
525 2115 679 2203 hymnum
699 2116 733 2182 in
749 2124 893 2184 sanatum
909 2116 1095 2183 Othmarum
1111 2137 1131 2182 a
1145 2115 1288 2183 Notkaro

153 2219 300 2304 Physioo,
316 2221 471 2287 monacho
486 2219 691 2305 Sangallensi
713 2221 741 2304 (†
753 2221 840 2304 981),
860 2219 999 2306 strophis
1014 2217 1185 2304 Sapphicis
1201 2239 1288 2286 oom-

116 2331 122 2352 '
153 2322 291 2406 positum
314 2331 346 2390 et
367 2324 451 2390 notis
472 2323 604 2390 musicis
625 2323 824 2390 instructum.
858 2322 972 2390 Unius
1000 2322 1094 2388 alteri
1116 2323 1282 2408 strophae:

360 2425 472 2510 Festa,
499 2445 582 2510 quae
604 2425 723 2494 sanctis
745 2426 878 2492 colimus
899 2425 1078 2512 trophaeis,

360 2530 484 2596 Nomen
506 2529 653 2596 Othmari
675 2537 826 2596 resonent
846 2529 949 2611 beati,

359 2631 458 2698 Cuius
479 2631 628 2718 optandis
650 2632 790 2716 meritis,
815 2639 953 2714 creator,

563 2736 627 2802 Illa
650 2735 776 2804 dicasti.

152 2839 368 2926 superscripta
390 2845 440 2906 est
462 2837 602 2906 melodia
623 2839 722 2906 haec:

152 2963 732 3186 {ff
204 2985 1288 3184 ffiffffiffffi

253 3200 344 3266 Fs-
377 3205 428 3266 stu
456 3219 540 3284 qnae
583 3217 660 3266 san·
662 3197 721 3266 ctis
801 3217 866 3265 co-
849 3196 990 3264 -li-mus
1026 3203 1099 3264 tro-
1082 3197 1231 3282 p-hae-
1222 3215 1250 3263 rs

150 3319 1289 3532 Q
1387 3515 1389 3520 ,

244 3561 405 3609 no-man
434 3539 498 3610 Oth
534 3579 551 3591 -
586 3541 713 3608 ma-n'
766 3542 1223 3608 re-so-nantbe-a-ti
