3248 4928
611 475 651 484 -
699 439 784 522 [aar]
832 475 874 484 -
1267 439 1307 502 aa

174 644 207 709 p.
229 628 305 704 110;
338 626 453 710 quibus
475 625 618 692 addendi
641 633 716 693 suut
737 648 800 693 nou
822 628 926 713 pauci,
961 629 1049 694 velut
1072 647 1145 712 pag.
1165 631 1205 691 75
1229 627 1309 713 περὶ

174 724 426 815 Ἀριστάνδρου.
459 727 700 817 στρατεύοντος
730 769 771 778 -
801 729 951 816 ἔφασκεν
972 731 1062 798 Euat.
1088 731 1181 796 Dion.
1208 730 1309 814 74111

175 832 211 895 Ρ.
229 835 270 897 86
294 833 374 919 περὶ
389 827 561 920 Ἀψύρτου
581 835 672 902 Euat.
691 836 785 902 Dion.
804 837 878 900 488.
908 837 920 921 ΙΙ
950 835 985 900 Ρ.
1004 838 1064 900 122
1087 833 1199 901 ἰστέον
1213 834 1251 899 δὲ
1265 871 1309 882 -

174 957 206 1020 p.
227 939 287 1002 123
311 935 537 1003 maldonatum
557 939 648 1005 Euat.
673 939 767 1005 Dion.
790 942 854 1004 566
877 945 910 1006 et
933 942 1006 1003 700.
1038 938 1051 1022 ΙΙ
1088 938 1124 1002 Ρ.
1146 943 1205 1002 147
1229 939 1309 1024 περὶ

175 1046 233 1127 τῆς
252 1034 459 1129 Ἕμττούσης’
492 1043 625 1127 λέγεται
647 1043 683 1108 δὲ
706 1081 747 1091 -
775 1037 999 1131 ἡἜμπονσα.
1025 1043 1115 1109 Eust.
1141 1041 1182 1106 D.
1209 1044 1280 1106 723.
1300 1041 1309 1126 ll

174 1145 210 1208 Ρ.
237 1148 299 1210 254
330 1147 408 1232 περὶ
439 1153 500 1212 τοῦ
528 1151 669 1233 κέρατος
698 1154 757 1234 τῆς
773 1141 980 1230 Ἀμαλθείας
1008 1185 1049 1196 -
1078 1143 1226 1213 deducor
1248 1139 1309 1210 αὐ-

175 1243 263 1324 τούς.
289 1249 381 1315 nuuc.
399 1249 439 1316 D.
455 1253 530 1314 431.
548 1251 561 1336 ΙΙ
584 1252 620 1316 Ρ.
632 1255 695 1316 429
718 1251 797 1338 rocol
814 1258 874 1318 τοῦ
885 1248 1058 1339 Χάρητος·
1083 1249 1172 1327 τινὲς
1187 1249 1224 1314 δέ
1240 1271 1309 1335 φα-

175 1373 230 1416 σιν
243 1389 286 1401 -
300 1350 473 1439 πάρεργον
495 1362 528 1421 et
548 1355 582 1421 in
604 1355 867 1422 antecedentibus
890 1355 1049 1439 quaedam
1065 1355 1155 1421 Euat.
1174 1354 1214 1418 D.
1231 1358 1306 1418 504.

260 1456 397 1522 Videtur
417 1465 524 1524 autem
547 1457 690 1524 Eudocia
715 1480 778 1525 non
800 1459 976 1545 principem
999 1459 1170 1526 editionem
1193 1459 1310 1524 Eusta-

175 1559 234 1624 thii
264 1561 307 1626 ad
329 1561 521 1646 Dionysium
551 1564 849 1630 commentariorum
874 1563 1218 1644 Parisinama.1547,
1251 1559 1309 1626 sed

175 1661 316 1729 codicem
339 1665 479 1748 aliquem
503 1686 566 1731 non
588 1667 705 1732 bonum
729 1667 903 1740 evolvisse;
933 1688 1007 1732 uam
1037 1667 1117 1732 satis
1138 1665 1239 1730 multa
1261 1665 1310 1729 vi-

175 1765 222 1831 tia
244 1787 314 1832 cum
338 1767 495 1835 deteriore
518 1769 664 1836 codicum
692 1791 811 1856 genere
833 1771 1014 1837 communia
1042 1771 1093 1836 his
1121 1769 1200 1834 locis
1223 1775 1308 1834 sunt.

261 1975 327 2042 Sed
349 1976 534 2062 priusquam
556 1978 760 2044 Eustathinm
788 1979 921 2044 missum
950 1977 1085 2059 faciam,
1122 1977 1162 2043 de
1184 1975 1310 2042 Plachii

176 2079 335 2144 sententia
351 2080 525 2163 agendum
554 2081 633 2147 milri
662 2088 712 2148 est
741 2081 869 2148 eosdem
892 2081 1054 2147 Eustathii
1082 2086 1179 2162 atque
1201 2079 1310 2146 Endo-

175 2179 245 2246 eiae
267 2179 371 2248 lontes
394 2201 466 2249 esse
489 2185 660 2251 censentis.
705 2185 764 2268 (Os.
789 2185 889 2251 Flaclr
913 2207 945 2270 p.
968 2189 1022 2248 111
1046 2185 1106 2268 sq.)
1188 2203 1191 2218 ·

261 2285 365 2368 Atque
395 2287 532 2370 primum
563 2289 691 2372 quidem
721 2309 873 2372 magnum
903 2307 1069 2354 numerum
1100 2287 1239 2352 locorum
1269 2305 1310 2350 ex

174 2387 343 2454 Eustathio
374 2389 619 2475 interpolatione
651 2392 684 2457 in
713 2393 882 2459 violarium
912 2391 1080 2478 irrepsisse
1109 2397 1145 2456 ut
1174 2389 1310 2470 arbitre-

175 2495 236 2573 tur,
269 2511 310 2558 ea
338 2513 434 2576 quam
462 2494 609 2580 concepit
634 2493 675 2560 de
698 2495 842 2562 Eudoeia
862 2497 1011 2579 Augusta
1033 2494 1158 2560 violarii
1180 2499 1309 2559 anctore

175 2595 324 2678 opinione
346 2597 479 2680 cogitur.
527 2597 596 2676 Quo
625 2597 806 2682 degenere
837 2599 1022 2686 explicandi
1051 2597 1128 2681 quid
1156 2597 1304 2676 iudicem,

176 2717 275 2784 snpra
296 2721 328 2784 p.
349 2703 388 2764 15
404 2720 452 2784 sq.
478 2701 623 2786 exposui.
671 2703 756 2768 Vitia
778 2703 863 2787 quod
884 2702 998 2770 eadem
1027 2701 1113 2788 apud
1142 2708 1309 2782 utrumque

175 2799 467 2886 deprehenduntur,
500 2803 534 2868 id
563 2825 626 2870 non
647 2805 927 2892 interpolatorum,
960 2805 1018 2872 sed
1040 2803 1210 2870 Phavorini
1232 2821 1310 2886 ope-

176 2924 281 2970 rarum
304 2913 337 2972 et
359 2905 483 2972 falsarii
506 2907 671 2975 socordiae
693 2909 897 2975 tribuendum
920 2917 985 2988 est;
1019 2927 1124 2990 neque
1154 2906 1237 2972 alios
1259 2913 1309 2970 at-

176 3027 238 3090 que
260 3009 448 3076 Eustathius
477 3017 624 3078 auctores
653 3013 796 3078 Eudocia
825 3013 957 3079 laudare
987 3012 1102 3097 potnit,
1136 3030 1208 3076 eum
1236 3028 1308 3075 eum

174 3110 381 3180 describeret.
435 3115 615 3180 Pausaniae
649 3116 774 3182 lexicon
803 3123 951 3199 quattuor
983 3115 1062 3181 locis
1095 3114 1136 3180 ab
1166 3111 1310 3178 Eudooia

174 3214 340 3298 laudatur,
377 3217 433 3300 qui
466 3219 528 3284 loci
561 3239 672 3286 omues
704 3220 884 3286 Phavorino
917 3219 1091 3290 debentur:
1128 3216 1308 3282 Pausaniae

175 3318 260 3383 eninr
281 3319 383 3404 ipsius
406 3321 532 3388 lexicon
549 3323 653 3408 magis
676 3323 818 3407 ignotum
834 3323 965 3390 falsario
981 3343 1076 3405 quam
1099 3319 1191 3387 nobis
1207 3318 1308 3384 luisse

175 3422 348 3490 vensimile
378 3431 437 3490 est.
484 3425 534 3491 De
564 3427 674 3510 glossa
702 3448 733 3512 p.
759 3429 800 3490 43
831 3427 910 3513 περὶ
932 3421 1137 3502 Ἀντικλείας
1165 3423 1246 3489 satis
1275 3422 1307 3487 in

173 3525 390 3609 superioribus
412 3529 546 3613 exposui
573 3529 623 3614 (cf.
649 3551 680 3615 p.
701 3533 767 3615 20).

259 3629 391 3696 Praeter
419 3630 478 3696 hos
500 3639 608 3698 autem
638 3632 882 3718 »interpolatus«
912 3635 999 3700 locos
1027 3653 1090 3698 uon
1117 3649 1238 3717 paucos
1266 3648 1307 3694 ex

174 3729 287 3796 eodem
309 3731 396 3799 fonto
418 3743 515 3818 atque
537 3735 698 3800 Eustathii
725 3737 908 3822 (praecipue
925 3736 1118 3819 Homericos]
1145 3752 1307 3799 commen-

173 3831 272 3899 tarios
294 3855 462 3903 emanasse
483 3837 606 3904 indicat
626 3839 737 3904 Flach.
785 3841 890 3922 Atque
913 3839 1050 3925 primum
1073 3837 1202 3921 quidem
1221 3834 1307 3920 quod

175 3935 319 4004 Eudoeia
341 3959 381 4004 ea
403 3940 535 4024 omittit,
568 3962 650 4026 quae
679 3943 791 4008 crebra
820 3949 894 4008 sunt
921 3943 1008 4029 apud
1030 3939 1231 4008 Eustathium
1263 3932 1306 4014 ὡς

175 4033 324 4123 ἀλλαχοῦ
352 4042 480 4130 εἴρηται
508 4051 541 4110 et
562 4045 696 4127 similia,
728 4046 809 4111 nibil
838 4053 888 4112 est
916 4045 1001 4128 quod
1023 4045 1192 4110 miremur:
1224 4062 1305 4125 quae

174 4144 328 4229 pleraque
350 4145 448 4212 etiam
470 4169 491 4214 a
512 4147 692 4214 Phavorino
714 4149 847 4226 absunt;
879 4169 918 4216 ac
947 4149 1071 4216 stultior
1098 4147 1182 4214 insto
1205 4146 1306 4212 falsa

174 4247 240 4312 rius
263 4249 388 4332 fuisset,
422 4251 449 4316 si
472 4252 552 4318 talia
574 4251 786 4338 repetivisset.
832 4253 945 4336 Neque
972 4253 1006 4319 iu
1028 4251 1172 4338 partibus
1193 4270 1306 4316 narra-

173 4352 292 4418 tionum
308 4354 373 4419 alio
388 4353 498 4422 ordine
520 4355 684 4440 dispositis
701 4377 868 4424 moramur.
909 4359 990 4442 Pag.
1014 4367 1121 4424 antem
1141 4359 1203 4420 262
1227 4354 1306 4440 περὶ

1062 4479 1099 4530 36
