3258 4924
712 500 922 562 ..23-

246 684 313 751 dies
336 688 356 750 2
379 692 411 752 et
432 689 452 752 3
476 687 585 774 scripti
607 708 672 753 non
694 688 833 771 fuerunt,
858 691 933 776 quia
955 689 1047 757 deest
1068 687 1242 772 ἱσταμένου.
1282 692 1384 778 Prop-

246 795 334 854 terea
356 792 473 857 mensis
497 789 579 857 diem
602 792 699 858 luisse
721 795 857 881 primum
881 795 949 860 veri
971 795 1072 860 similo
1096 801 1159 880 est,
1193 797 1248 882 qui
1277 802 1385 861 tamen

248 891 408 980 quomodo
443 916 615 982 expressus
650 897 746 962 fuerit
778 899 902 964 neseio:
938 899 1095 984 ναυμηνίαι
1131 901 1214 966 enim
1246 901 1384 986 spatium

251 1001 285 1061 ll
310 997 486 1062 litterarum
510 1019 575 1064 non
598 1001 716 1085 explet.
758 1023 789 1068 n.
816 1004 875 1068 176
898 1003 1086 1088 significatio
1116 1002 1179 1069 diei
1201 1003 1294 1089 primi
1317 1009 1386 1070 erat

246 1099 341 1184 e[..?l
368 1149 456 1166 .....
459 1099 504 1186 lm
528 1100 586 1186 (10
608 1103 676 1171 iere
699 1103 787 1188 litt).

751 1335 781 1378 n.
805 1313 876 1379 303.

349 1469 492 1534 Koehler
514 1468 653 1534 restituit
669 1467 934 1551 Β]ο[ηὸ”ρομιῶνος
956 1467 1117 1553 εἰκοστ]ἕι;
1139 1470 1383 1537 Bolidromionis

245 1577 353 1636 autem
382 1571 496 1638 diebus
518 1573 585 1638 XX
615 1579 647 1637 et
675 1572 760 1661 XXI
788 1571 951 1638 Eleusinia
979 1572 1230 1642 celebrabantur.
1274 1574 1384 1658 Atque

246 1695 317 1739 eum
346 1695 405 1760 pro
435 1677 576 1742 εἰκαστῖι·
593 1677 650 1741 vix
683 1675 765 1741 alius
799 1696 950 1742 numerus
983 1676 1117 1740 inveniri
1151 1676 1269 1760 possit,
1303 1677 1384 1741 alius

247 1779 362 1843 mensis
396 1778 563 1867 ponendus
597 1785 654 1844 est.
706 1778 787 1843 Cum
821 1777 962 1844 seeundo
993 1780 1110 1844 mensis
1142 1779 1250 1846 littera
1285 1781 1326 1844 sit
1359 1805 1385 1854 o,

245 1889 369 1947 remoto
385 1881 621 1948 Bobdromione
636 1889 759 1948 restant
776 1885 972 1960 Ποαιδεαῖαας
987 1890 1019 1950 et
1034 1871 1254 1966 Μαανιχιῶνος.
1292 1885 1384 1946 Πασι-

245 1989 357 2062 derisor
379 1987 405 2052 si
427 1987 574 2073 ponitur,
604 2007 631 2048 v.
662 1990 681 2052 3
705 2009 768 2051 una
790 1988 842 2052 vel
866 1987 991 2052 duabus
1021 1987 1134 2052 litteris
1162 1987 1265 2051 minus
1288 1986 1386 2050 habet

247 2111 342 2174 quam
367 2091 481 2170 eeteri;
505 2091 590 2154 idem
613 2090 726 2155 assidit
748 2091 780 2155 in
804 2111 833 2154 v.
856 2091 886 2174 2,
910 2091 966 2156 ubi
988 2089 1076 2172 ἕκτης
1092 2090 1272 2172 πρυτανείας
1293 2091 1385 2154 resti·

247 2193 401 2258 tuendum
428 2202 523 2259 esset.
553 2193 732 2280 Propterea
748 2215 775 2260 v,
792 2197 813 2259 3
829 2195 955 2259 restitui
972 2193 1216 2276 Mlopmpnvog
1232 2191 1385 2276 eluendis,

245 2313 274 2361 r.
293 2297 346 2372 lm
367 2295 498 2381 δεκάτης
520 2299 708 2377 πρυτανείας.
755 2299 869 2364 Annus
892 2299 989 2384 igitur
1011 2298 1194 2364 Antimaehi
1215 2297 1278 2362 fuit
1300 2317 1385 2362 eom·

246 2419 360 2464 munis.

751 2613 782 2657 n.
806 2594 879 2658 306.

350 2745 477 2812 Titulus
490 2747 695 2812 multifariam
716 2746 855 2812 admittit
877 2745 1113 2813 restitutionem
1128 2745 1246 2812 mensis
1262 2750 1295 2810 et
1309 2765 1386 2832 pry-

246 2850 351 2914 taniae
375 2849 507 2914 dierum.
551 2850 698 2934 Adposui
728 2857 836 2916 sutem
866 2849 993 2914 titulum
1024 2871 1087 2935 quo
1118 2849 1287 2936 adpareret
1311 2869 1386 2914 eon·

246 2955 366 3019 tionem
389 2953 487 3019 luisse
513 2955 627 3036 κυρίαν,
651 2975 770 3020 annum
795 2955 1027 3020 intercalarem.
1069 2953 1167 3019 Nullo
1190 2955 1274 3018 enirn
1288 2952 1385 3020 modo

245 3058 289 3123 sie
311 3058 436 3124 restitui
459 3063 576 3144 potest,
600 3066 636 3123 ut
660 3059 783 3124 numeri
805 3059 929 3126 dierum
952 3059 1069 3124 mensis
1092 3063 1124 3124 et
1138 3059 1306 3143 prytaniae
1323 3057 1386 3122 sint

247 3159 353 3226 iidsrn.

753 3349 784 3392 n.
807 3329 880 3392 sor.
976 3391 986 3416 ,
1061 3281 1063 3288 ’

332 3483 399 3565 'De
430 3482 542 3548 diebus
575 3483 628 3548 vix
658 3483 797 3547 dubitari
826 3489 942 3568 potest.
988 3482 1158 3558 Quomodo
1181 3487 1288 3546 autem
1311 3505 1385 3570 pry-

246 3587 352 3652 taniae
381 3607 484 3652 nonae
514 3586 582 3650 dies
611 3585 730 3650 XXIX
759 3587 955 3672 respondere
984 3593 1092 3672 potest
1120 3585 1384 3670 Elaphebolionis

246 3691 310 3755 diei
324 3689 432 3754 XXI?
468 3691 595 3754 Annum
611 3689 709 3756 luisse
725 3711 926 3756 communem
943 3689 1084 3776 adparet.
1122 3687 1385 3776 Elaphebolionis

246 3795 340 3880 igitur
368 3793 435 3860 dies
458 3791 544 3858 XXI
572 3793 631 3858 fuit
655 3795 747 3858 286⁰=
768 3795 858 3876 anni,
887 3796 914 3860 si
937 3795 1094 3860 mensium
1124 3794 1385 3880 praecedentium

246 3899 386 3984 quinque
409 3903 500 3962 erant
521 3897 606 3978 navi,
630 3905 782 3982 quattuor
804 3897 897 3962 solidi
921 3895 956 3981 (5
974 3947 981 3960 .
997 3899 1037 3960 29
1056 3905 1093 3972 -l
1112 3901 1131 3961 4
1148 3950 1154 3963 .
1170 3899 1213 3962 30
1231 3904 1267 3972 ΛΓ
1286 3900 1322 3962 21
1344 3927 1385 3953 =

250 4004 309 4066 145
328 4007 365 4076 †
385 4001 447 4067 120
465 4006 501 4076 l·
520 4001 556 4064 21
578 4029 619 4052 =
635 3998 725 4085 286).
749 3999 922 4085 Prytanise
937 4020 1041 4064 nonae
1059 4005 1168 4064 autem
1183 3999 1250 4065 dies
1266 3999 1385 4066 XXIX

245 4105 359 4184 285⁰⁵,
390 4103 416 4168 si
445 4105 588 4189 priorum
618 4105 835 4189 prytaniarum
867 4123 1077 4188 unaquaeque
1107 4105 1148 4167 32
1171 4103 1241 4170 dies
1272 4103 1385 4168 babuit

245 4207 297 4288 (8.
311 4211 352 4271 32
385 4213 405 4282 l·
424 4211 465 4271 29
484 4235 522 4260 =
540 4209 602 4271 256
621 4213 656 4282 :t
676 4209 718 4272 29
735 4237 774 4261 =
792 4205 879 4289 285).
902 4207 1079 4293 Propterea
1095 4227 1192 4272 unam
1206 4208 1385 4294 prytaniam

245 4311 397 4376 habuisse
420 4313 461 4375 33
484 4309 551 4376 dies
574 4331 705 4376 neeesse
727 4311 794 4378 lere
819 4319 868 4376 est
891 4311 950 4394 (de
969 4309 1080 4376 diebus
1103 4311 1323 4398 prytaniarum
1347 4310 1385 4376 el.

247 4414 380 4481 Boeekh
404 4415 503 4502 epigr.
528 4415 669 4481 chronol.
694 4415 738 4482 St.
762 4436 814 4502 pg.
841 4415 906 4498 75).
