<?xml version="1.0" encoding="UTF-8"?>
<!DOCTYPE html PUBLIC "-//W3C//DTD XHTML 1.0 Transitional//EN"
    "http://www.w3.org/TR/xhtml1/DTD/xhtml1-transitional.dtd">
<html xmlns="http://www.w3.org/1999/xhtml" xml:lang="en" lang="en">
 <head>
  <title>
</title>
<meta http-equiv="Content-Type" content="text/html;charset=utf-8" />
  <meta name='ocr-system' content='tesseract 3.04.00' />
  <meta name='ocr-capabilities' content='ocr_page ocr_carea ocr_par ocr_line ocrx_word'/>
</head>
<body>
  <div class='ocr_page' id='page_1' title='image "./dissertationesp02stragoog_0160.png"; bbox 0 0 3244 4932; ppageno 0'>
   <div class='ocr_carea' id='block_1_1' title="bbox 716 469 1326 555">
    <p class='ocr_par' dir='ltr' id='par_1_1' title="bbox 716 469 1326 555">
     <span class='ocr_line' id='line_1_1' title="bbox 716 469 1326 555; baseline 0.007 -19"><span class='ocrx_word' id='word_1_1' title='bbox 716 469 807 555; x_wconf 69' lang='lat' dir='ltr'><strong>[rin]</strong></span> <span class='ocrx_word' id='word_1_2' title='bbox 1067 525 1071 534; x_wconf 91' lang='lat'><em>.</em></span> <span class='ocrx_word' id='word_1_3' title='bbox 1307 479 1326 540; x_wconf 85' lang='lat' dir='ltr'><strong>a</strong></span> 
     </span>
    </p>
   </div>
   <div class='ocr_carea' id='block_1_2' title="bbox 195 661 1323 750">
    <p class='ocr_par' dir='ltr' id='par_1_2' title="bbox 195 661 1323 750">
     <span class='ocr_line' id='line_1_2' title="bbox 195 661 1323 750; baseline 0.002 -22"><span class='ocrx_word' id='word_1_4' title='bbox 195 664 319 729; x_wconf 87' lang='lat' dir='ltr'><strong>ratione</strong></span> <span class='ocrx_word' id='word_1_5' title='bbox 334 671 465 750; x_wconf 87' lang='lat' dir='ltr'><strong>accepta</strong></span> <span class='ocrx_word' id='word_1_6' title='bbox 479 663 560 728; x_wconf 90' lang='lat' dir='ltr'><strong>duae</strong></span> <span class='ocrx_word' id='word_1_7' title='bbox 578 664 650 728; x_wconf 88' lang='lat' dir='ltr'><strong>iliae</strong></span> <span class='ocrx_word' id='word_1_8' title='bbox 664 661 813 749; x_wconf 88' lang='lat' dir='ltr'><strong>dipodiee</strong></span> <span class='ocrx_word' id='word_1_9' title='bbox 826 665 908 730; x_wconf 91' lang='lat' dir='ltr'><strong>inter</strong></span> <span class='ocrx_word' id='word_1_10' title='bbox 922 685 956 730; x_wconf 87' lang='lat' dir='ltr'><strong>se</strong></span> <span class='ocrx_word' id='word_1_11' title='bbox 972 685 1065 750; x_wconf 88' lang='lat' dir='ltr'><strong>paras</strong></span> <span class='ocrx_word' id='word_1_12' title='bbox 1081 665 1150 742; x_wconf 88' lang='lat' dir='ltr'><strong>sint,</strong></span> <span class='ocrx_word' id='word_1_13' title='bbox 1175 687 1323 732; x_wconf 84' lang='lat' dir='ltr'><strong>senarum</strong></span> 
     </span>
    </p>
   </div>
   <div class='ocr_carea' id='block_1_3' title="bbox 195 769 823 854">
    <p class='ocr_par' dir='ltr' id='par_1_3' title="bbox 195 769 823 854">
     <span class='ocr_line' id='line_1_3' title="bbox 195 769 823 854; baseline 0.003 -20"><span class='ocrx_word' id='word_1_14' title='bbox 195 769 313 835; x_wconf 88' lang='lat' dir='ltr'><strong>scilieet</strong></span> <span class='ocrx_word' id='word_1_15' title='bbox 342 789 517 834; x_wconf 88' lang='lat' dir='ltr'><strong>morarum:</strong></span> <span class='ocrx_word' id='word_1_16' title='bbox 546 787 671 854; x_wconf 47' lang='lat'><strong>553¹„-</strong></span> <span class='ocrx_word' id='word_1_17' title='bbox 708 788 823 854; x_wconf 72' lang='lat'>:¹3:-</span> 
     </span>
    </p>
   </div>
   <div class='ocr_carea' id='block_1_4' title="bbox 195 959 1326 1564">
    <p class='ocr_par' dir='ltr' id='par_1_4' title="bbox 196 959 1326 1130">
     <span class='ocr_line' id='line_1_4' title="bbox 299 959 1326 1046; baseline 0.003 -22"><span class='ocrx_word' id='word_1_18' title='bbox 299 959 359 1024; x_wconf 91' lang='lat' dir='ltr'><strong>His</strong></span> <span class='ocrx_word' id='word_1_19' title='bbox 382 959 556 1026; x_wconf 88' lang='lat' dir='ltr'><strong>rationibus</strong></span> <span class='ocrx_word' id='word_1_20' title='bbox 580 960 729 1025; x_wconf 89' lang='lat' dir='ltr'><strong>commoti</strong></span> <span class='ocrx_word' id='word_1_21' title='bbox 753 961 924 1026; x_wconf 80' lang='lat' dir='ltr'>conicimus</span> <span class='ocrx_word' id='word_1_22' title='bbox 954 962 1058 1045; x_wconf 84' lang='lat' dir='ltr'><strong>legem</strong></span> <span class='ocrx_word' id='word_1_23' title='bbox 1089 981 1250 1046; x_wconf 77' lang='lat' dir='ltr'><strong>syncopae</strong></span> <span class='ocrx_word' id='word_1_24' title='bbox 1281 962 1326 1027; x_wconf 92' lang='lat' dir='ltr'><strong>sic</strong></span> 
     </span>
     <span class='ocr_line' id='line_1_5' title="bbox 196 1063 502 1130; baseline -0.003 -1"><span class='ocrx_word' id='word_1_25' title='bbox 196 1085 264 1130; x_wconf 89' lang='lat' dir='ltr'><strong>csse</strong></span> <span class='ocrx_word' id='word_1_26' title='bbox 288 1063 502 1129; x_wconf 83' lang='lat' dir='ltr'><strong>statuendam:</strong></span> 
     </span>
    </p>

    <p class='ocr_par' dir='ltr' id='par_1_5' title="bbox 195 1167 1325 1564">
     <span class='ocr_line' id='line_1_6' title="bbox 297 1167 1325 1257; baseline 0.002 -25"><span class='ocrx_word' id='word_1_27' title='bbox 297 1167 413 1232; x_wconf 82' lang='lat' dir='ltr'><strong>Arois</strong></span> <span class='ocrx_word' id='word_1_28' title='bbox 436 1189 504 1253; x_wconf 89' lang='lat' dir='ltr'><strong>per</strong></span> <span class='ocrx_word' id='word_1_29' title='bbox 528 1189 746 1254; x_wconf 78' lang='lat' dir='ltr'><strong>syncopam</strong></span> <span class='ocrx_word' id='word_1_30' title='bbox 775 1169 941 1234; x_wconf 88' lang='lat' dir='ltr'><strong>sublata</strong></span> <span class='ocrx_word' id='word_1_31' title='bbox 970 1176 1109 1257; x_wconf 90' lang='lat' dir='ltr'><strong>petest</strong></span> <span class='ocrx_word' id='word_1_32' title='bbox 1136 1191 1325 1255; x_wconf 88' lang='lat' dir='ltr'><strong>compen·</strong></span> 
     </span>
     <span class='ocr_line' id='line_1_7' title="bbox 195 1271 1323 1358; baseline 0.005 -24"><span class='ocrx_word' id='word_1_33' title='bbox 195 1271 276 1335; x_wconf 90' lang='lat' dir='ltr'><strong>sari</strong></span> <span class='ocrx_word' id='word_1_34' title='bbox 299 1271 578 1356; x_wconf 89' lang='lat' dir='ltr'><strong>productione</strong></span> <span class='ocrx_word' id='word_1_35' title='bbox 601 1273 770 1339; x_wconf 78' lang='lat' dir='ltr'><strong>theseos</strong></span> <span class='ocrx_word' id='word_1_36' title='bbox 795 1273 976 1338; x_wconf 90' lang='lat' dir='ltr'><strong>ciusdem</strong></span> <span class='ocrx_word' id='word_1_37' title='bbox 998 1273 1131 1358; x_wconf 89' lang='lat' dir='ltr'><strong>pedis,</strong></span> <span class='ocrx_word' id='word_1_38' title='bbox 1161 1274 1202 1338; x_wconf 92' lang='lat' dir='ltr'><strong>in</strong></span> <span class='ocrx_word' id='word_1_39' title='bbox 1231 1297 1323 1340; x_wconf 86' lang='lat' dir='ltr'><strong>ver·</strong></span> 
     </span>
     <span class='ocr_line' id='line_1_8' title="bbox 196 1375 1325 1463; baseline 0.004 -25"><span class='ocrx_word' id='word_1_40' title='bbox 196 1375 312 1439; x_wconf 90' lang='lat' dir='ltr'><strong>sibus</strong></span> <span class='ocrx_word' id='word_1_41' title='bbox 346 1375 573 1440; x_wconf 85' lang='lat' dir='ltr'><strong>trochaicis</strong></span> <span class='ocrx_word' id='word_1_42' title='bbox 607 1377 920 1463; x_wconf 85' lang='lat' dir='ltr'><strong>praecedentis.</strong></span> <span class='ocrx_word' id='word_1_43' title='bbox 955 1379 997 1443; x_wconf 91' lang='lat' dir='ltr'><strong>in</strong></span> <span class='ocrx_word' id='word_1_44' title='bbox 1030 1377 1217 1444; x_wconf 90' lang='lat' dir='ltr'><strong>iambicis</strong></span> <span class='ocrx_word' id='word_1_45' title='bbox 1255 1400 1325 1443; x_wconf 90' lang='lat' dir='ltr'><strong>sc·</strong></span> 
     </span>
     <span class='ocr_line' id='line_1_9' title="bbox 195 1480 369 1564; baseline -0.017 -20"><span class='ocrx_word' id='word_1_46' title='bbox 195 1480 369 1564; x_wconf 88' lang='lat' dir='ltr'><strong>quentis.</strong></span> 
     </span>
    </p>
   </div>
   <div class='ocr_carea' id='block_1_5' title="bbox 194 1654 1324 2102">
    <p class='ocr_par' dir='ltr' id='par_1_6' title="bbox 194 1654 1324 2102">
     <span class='ocr_line' id='line_1_10' title="bbox 727 1654 798 1735; baseline 0.014 -17"><span class='ocrx_word' id='word_1_47' title='bbox 727 1654 798 1735; x_wconf 66' lang='grc'><strong>53.</strong></span> 
     </span>
     <span class='ocr_line' id='line_1_11' title="bbox 299 1807 1322 1895; baseline 0.003 -23"><span class='ocrx_word' id='word_1_48' title='bbox 299 1807 392 1873; x_wconf 89' lang='lat' dir='ltr'><strong>Hanc</strong></span> <span class='ocrx_word' id='word_1_49' title='bbox 413 1809 493 1894; x_wconf 82' lang='lat' dir='ltr'><strong>legis</strong></span> <span class='ocrx_word' id='word_1_50' title='bbox 517 1829 677 1895; x_wconf 90' lang='lat' dir='ltr'><strong>syncopae</strong></span> <span class='ocrx_word' id='word_1_51' title='bbox 707 1809 987 1876; x_wconf 82' lang='lat' dir='ltr'><strong>conformationem</strong></span> <span class='ocrx_word' id='word_1_52' title='bbox 1018 1832 1058 1874; x_wconf 85' lang='lat' dir='ltr'><strong>ex</strong></span> <span class='ocrx_word' id='word_1_53' title='bbox 1087 1811 1193 1876; x_wconf 87' lang='lat' dir='ltr'><strong>libello</strong></span> <span class='ocrx_word' id='word_1_54' title='bbox 1224 1811 1322 1876; x_wconf 81' lang='lat' dir='ltr'><strong>Gold-</strong></span> 
     </span>
     <span class='ocr_line' id='line_1_12' title="bbox 194 1912 1324 2000; baseline 0.002 -21"><span class='ocrx_word' id='word_1_55' title='bbox 194 1915 362 1980; x_wconf 86' lang='lat' dir='ltr'><strong>mannianc</strong></span> <span class='ocrx_word' id='word_1_56' title='bbox 378 1914 536 2000; x_wconf 80' lang='lat' dir='ltr'><strong>cognitam</strong></span> <span class='ocrx_word' id='word_1_57' title='bbox 553 1914 584 1977; x_wconf 93' lang='lat' dir='ltr'><strong>in</strong></span> <span class='ocrx_word' id='word_1_58' title='bbox 601 1912 738 1978; x_wconf 88' lang='lat' dir='ltr'><strong>editione</strong></span> <span class='ocrx_word' id='word_1_59' title='bbox 750 1913 851 1978; x_wconf 88' lang='lat' dir='ltr'><strong>altera</strong></span> <span class='ocrx_word' id='word_1_60' title='bbox 862 1913 1033 1999; x_wconf 86' lang='lat' dir='ltr'><strong>Westpbal</strong></span> <span class='ocrx_word' id='word_1_61' title='bbox 1049 1915 1207 2000; x_wconf 87' lang='lat' dir='ltr'><strong>improbat</strong></span> <span class='ocrx_word' id='word_1_62' title='bbox 1224 1916 1324 1981; x_wconf 87' lang='lat' dir='ltr'><strong>tribus</strong></span> 
     </span>
     <span class='ocr_line' id='line_1_13' title="bbox 194 2017 1324 2102; baseline 0.002 -20"><span class='ocrx_word' id='word_1_63' title='bbox 194 2017 324 2102; x_wconf 85' lang='lat' dir='ltr'><strong>prolatis</strong></span> <span class='ocrx_word' id='word_1_64' title='bbox 356 2017 489 2096; x_wconf 87' lang='lat' dir='ltr'><strong>causis,¹</strong></span> <span class='ocrx_word' id='word_1_65' title='bbox 522 2037 656 2102; x_wconf 89' lang='lat' dir='ltr'><strong>quarum</strong></span> <span class='ocrx_word' id='word_1_66' title='bbox 684 2017 817 2101; x_wconf 83' lang='lat' dir='ltr'><strong>primam</strong></span> <span class='ocrx_word' id='word_1_67' title='bbox 847 2024 879 2081; x_wconf 91' lang='lat' dir='ltr'><strong>et</strong></span> <span class='ocrx_word' id='word_1_68' title='bbox 909 2017 1032 2082; x_wconf 91' lang='lat' dir='ltr'><strong>tertiam</strong></span> <span class='ocrx_word' id='word_1_69' title='bbox 1063 2017 1113 2081; x_wconf 93' lang='lat' dir='ltr'><strong>hic</strong></span> <span class='ocrx_word' id='word_1_70' title='bbox 1143 2018 1324 2084; x_wconf 85' lang='lat' dir='ltr'><strong>examinare</strong></span> 
     </span>
    </p>
   </div>
   <div class='ocr_carea' id='block_1_6' title="bbox 194 2119 1323 2207">
    <p class='ocr_par' dir='ltr' id='par_1_7' title="bbox 194 2119 1323 2207">
     <span class='ocr_line' id='line_1_14' title="bbox 194 2119 1323 2207; baseline 0.002 -21"><span class='ocrx_word' id='word_1_71' title='bbox 194 2121 303 2205; x_wconf 82' lang='lat' dir='ltr'><strong>liceat3</strong></span> <span class='ocrx_word' id='word_1_72' title='bbox 327 2121 366 2187; x_wconf 94' lang='lat' dir='ltr'><strong>de</strong></span> <span class='ocrx_word' id='word_1_73' title='bbox 390 2121 492 2186; x_wconf 85' lang='lat' dir='ltr'><strong>altera</strong></span> <span class='ocrx_word' id='word_1_74' title='bbox 514 2120 589 2205; x_wconf 89' lang='lat' dir='ltr'><strong>quid</strong></span> <span class='ocrx_word' id='word_1_75' title='bbox 612 2121 653 2185; x_wconf 91' lang='lat' dir='ltr'><strong>sit</strong></span> <span class='ocrx_word' id='word_1_76' title='bbox 674 2119 887 2200; x_wconf 90' lang='lat' dir='ltr'><strong>iudicandum,</strong></span> <span class='ocrx_word' id='word_1_77' title='bbox 910 2119 992 2186; x_wconf 83' lang='lat' dir='ltr'><strong>inira</strong></span> <span class='ocrx_word' id='word_1_78' title='bbox 1018 2141 1058 2186; x_wconf 88' lang='lat' dir='ltr'><strong>ex</strong></span> <span class='ocrx_word' id='word_1_79' title='bbox 1081 2119 1282 2207; x_wconf 79' lang='lat' dir='ltr'><strong>paragrapho</strong></span> <span class='ocrx_word' id='word_1_80' title='bbox 1306 2125 1323 2188; x_wconf 78' lang='grc'><strong>7</strong></span> 
     </span>
    </p>
   </div>
   <div class='ocr_carea' id='block_1_7' title="bbox 193 2226 1325 2416">
    <p class='ocr_par' dir='ltr' id='par_1_8' title="bbox 193 2226 1325 2416">
     <span class='ocr_line' id='line_1_15' title="bbox 193 2226 369 2292; baseline 0 0"><span class='ocrx_word' id='word_1_81' title='bbox 193 2248 214 2292; x_wconf 89' lang='lat' dir='ltr'><strong>a</strong></span> <span class='ocrx_word' id='word_1_82' title='bbox 258 2226 369 2292; x_wconf 88' lang='lat' dir='ltr'><strong>arebit.</strong></span> 
     </span>
     <span class='ocr_line' id='line_1_16' title="bbox 214 2250 1325 2416; baseline 0.002 -22"><span class='ocrx_word' id='word_1_83' title='bbox 214 2250 256 2314; x_wconf 73' lang='lat' dir='ltr'><strong>pp</strong></span> <span class='ocrx_word' id='word_1_84' title='bbox 298 2331 468 2394; x_wconf 87' lang='lat' dir='ltr'><strong>Primam</strong></span> <span class='ocrx_word' id='word_1_85' title='bbox 493 2328 614 2416; x_wconf 84' lang='lat' dir='ltr'><strong>profert</strong></span> <span class='ocrx_word' id='word_1_86' title='bbox 644 2349 773 2394; x_wconf 89' lang='lat' dir='ltr'><strong>causam</strong></span> <span class='ocrx_word' id='word_1_87' title='bbox 796 2329 985 2414; x_wconf 85' lang='lat' dir='ltr'><strong>analogiam,</strong></span> <span class='ocrx_word' id='word_1_88' title='bbox 1008 2349 1090 2413; x_wconf 87' lang='lat' dir='ltr'><strong>quae</strong></span> <span class='ocrx_word' id='word_1_89' title='bbox 1112 2329 1193 2394; x_wconf 89' lang='lat' dir='ltr'><strong>inter</strong></span> <span class='ocrx_word' id='word_1_90' title='bbox 1216 2351 1325 2396; x_wconf 91' lang='lat' dir='ltr'><strong>versus</strong></span> 
     </span>
    </p>
   </div>
   <div class='ocr_carea' id='block_1_8' title="bbox 192 2421 1324 3146">
    <p class='ocr_par' dir='ltr' id='par_1_9' title="bbox 192 2421 1324 3146">
     <span class='ocr_line' id='line_1_17' title="bbox 192 2421 1324 2519; baseline 0.001 -21"><span class='ocrx_word' id='word_1_91' title='bbox 192 2421 344 2498; x_wconf 85' lang='lat' dir='ltr'><strong>iambicos</strong></span> <span class='ocrx_word' id='word_1_92' title='bbox 367 2440 558 2519; x_wconf 87' lang='lat' dir='ltr'><strong>syncopatos</strong></span> <span class='ocrx_word' id='word_1_93' title='bbox 582 2433 642 2498; x_wconf 88' lang='lat' dir='ltr'><strong>vel.</strong></span> <span class='ocrx_word' id='word_1_94' title='bbox 666 2439 701 2497; x_wconf 92' lang='lat' dir='ltr'><strong>ut</strong></span> <span class='ocrx_word' id='word_1_95' title='bbox 724 2435 829 2518; x_wconf 91' lang='lat' dir='ltr'><strong>aptius</strong></span> <span class='ocrx_word' id='word_1_96' title='bbox 852 2432 982 2513; x_wconf 89' lang='lat' dir='ltr'><strong>dicatur,</strong></span> <span class='ocrx_word' id='word_1_97' title='bbox 1005 2442 1205 2519; x_wconf 88' lang='lat' dir='ltr'><strong>asynartetos</strong></span> <span class='ocrx_word' id='word_1_98' title='bbox 1229 2437 1324 2500; x_wconf 90' lang='lat' dir='ltr'><strong>iuter·</strong></span> 
     </span>
     <span class='ocr_line' id='line_1_18' title="bbox 195 2537 1324 2623; baseline 0 -19"><span class='ocrx_word' id='word_1_99' title='bbox 195 2538 287 2604; x_wconf 87' lang='lat' dir='ltr'><strong>cedat</strong></span> <span class='ocrx_word' id='word_1_100' title='bbox 324 2543 356 2601; x_wconf 92' lang='lat' dir='ltr'><strong>et</strong></span> <span class='ocrx_word' id='word_1_101' title='bbox 394 2537 581 2602; x_wconf 85' lang='lat' dir='ltr'><strong>trochaicus.</strong></span> <span class='ocrx_word' id='word_1_102' title='bbox 632 2538 674 2602; x_wconf 84' lang='lat' dir='ltr'><strong>Et</strong></span> <span class='ocrx_word' id='word_1_103' title='bbox 711 2537 888 2602; x_wconf 91' lang='lat' dir='ltr'><strong>holocleros</strong></span> <span class='ocrx_word' id='word_1_104' title='bbox 922 2545 954 2601; x_wconf 89' lang='lat' dir='ltr'><strong>ct</strong></span> <span class='ocrx_word' id='word_1_105' title='bbox 985 2545 1176 2623; x_wconf 86' lang='lat' dir='ltr'><strong>syncopatos</strong></span> <span class='ocrx_word' id='word_1_106' title='bbox 1214 2560 1324 2604; x_wconf 85' lang='lat' dir='ltr'><strong>versus</strong></span> 
     </span>
     <span class='ocr_line' id='line_1_19' title="bbox 195 2641 1323 2708; baseline 0.002 -3"><span class='ocrx_word' id='word_1_107' title='bbox 195 2642 346 2706; x_wconf 89' lang='lat' dir='ltr'><strong>iambicos</strong></span> <span class='ocrx_word' id='word_1_108' title='bbox 370 2642 447 2706; x_wconf 91' lang='lat' dir='ltr'><strong>nibil</strong></span> <span class='ocrx_word' id='word_1_109' title='bbox 471 2664 541 2706; x_wconf 85' lang='lat' dir='ltr'><strong>csse</strong></span> <span class='ocrx_word' id='word_1_110' title='bbox 565 2643 621 2708; x_wconf 88' lang='lat' dir='ltr'><strong>nisi</strong></span> <span class='ocrx_word' id='word_1_111' title='bbox 646 2641 821 2707; x_wconf 89' lang='lat' dir='ltr'><strong>trochaicos</strong></span> <span class='ocrx_word' id='word_1_112' title='bbox 845 2643 990 2708; x_wconf 86' lang='lat' dir='ltr'><strong>anacrusi</strong></span> <span class='ocrx_word' id='word_1_113' title='bbox 1014 2651 1133 2708; x_wconf 87' lang='lat' dir='ltr'><strong>auctos.</strong></span> <span class='ocrx_word' id='word_1_114' title='bbox 1179 2643 1323 2708; x_wconf 83' lang='lat' dir='ltr'><strong>Eandem</strong></span> 
     </span>
     <span class='ocr_line' id='line_1_20' title="bbox 194 2746 1323 2832; baseline 0.002 -22"><span class='ocrx_word' id='word_1_115' title='bbox 194 2747 292 2832; x_wconf 86' lang='lat' dir='ltr'><strong>igitur</strong></span> <span class='ocrx_word' id='word_1_116' title='bbox 314 2746 479 2824; x_wconf 86' lang='lat' dir='ltr'><strong>rationem,</strong></span> <span class='ocrx_word' id='word_1_117' title='bbox 503 2747 648 2832; x_wconf 87' lang='lat' dir='ltr'><strong>quaesit</strong></span> <span class='ocrx_word' id='word_1_118' title='bbox 670 2747 752 2812; x_wconf 89' lang='lat' dir='ltr'><strong>inter</strong></span> <span class='ocrx_word' id='word_1_119' title='bbox 774 2767 899 2812; x_wconf 87' lang='lat' dir='ltr'><strong>versum</strong></span> <span class='ocrx_word' id='word_1_120' title='bbox 915 2747 1113 2812; x_wconf 87' lang='lat' dir='ltr'><strong>hcloclerum</strong></span> <span class='ocrx_word' id='word_1_121' title='bbox 1130 2747 1323 2814; x_wconf 90' lang='lat' dir='ltr'><strong>trochaicum</strong></span> 
     </span>
     <span class='ocr_line' id='line_1_21' title="bbox 194 2851 1324 2935; baseline 0.001 -19"><span class='ocrx_word' id='word_1_122' title='bbox 194 2859 227 2916; x_wconf 90' lang='lat' dir='ltr'><strong>ct</strong></span> <span class='ocrx_word' id='word_1_123' title='bbox 252 2851 419 2917; x_wconf 90' lang='lat' dir='ltr'><strong>iambicum</strong></span> <span class='ocrx_word' id='word_1_124' title='bbox 450 2851 598 2934; x_wconf 71' lang='grc' dir='ltr'>(.·.υ.·.</span> <span class='ocrx_word' id='word_1_125' title='bbox 619 2871 694 2924; x_wconf 61' lang='lat' dir='ltr'><strong>o&#39;ss</strong></span> <span class='ocrx_word' id='word_1_126' title='bbox 715 2887 733 2924; x_wconf 73' lang='grc' dir='ltr'>υ</span> <span class='ocrx_word' id='word_1_127' title='bbox 817 2855 1251 2935; x_wconf 45' lang='lat' dir='ltr'><strong>etna-oannem.)</strong></span> <span class='ocrx_word' id='word_1_128' title='bbox 1278 2854 1324 2917; x_wconf 93' lang='lat' dir='ltr'><strong>in·</strong></span> 
     </span>
     <span class='ocr_line' id='line_1_22' title="bbox 192 2955 1322 3044; baseline 0.007 -24"><span class='ocrx_word' id='word_1_129' title='bbox 192 2955 357 3021; x_wconf 85' lang='lat' dir='ltr'><strong>terccdere</strong></span> <span class='ocrx_word' id='word_1_130' title='bbox 388 2955 506 3022; x_wconf 85' lang='lat' dir='ltr'><strong>debere</strong></span> <span class='ocrx_word' id='word_1_131' title='bbox 537 2958 619 3022; x_wconf 87' lang='lat' dir='ltr'><strong>inter</strong></span> <span class='ocrx_word' id='word_1_132' title='bbox 651 2956 776 3022; x_wconf 89' lang='lat' dir='ltr'><strong>eosdem</strong></span> <span class='ocrx_word' id='word_1_133' title='bbox 808 2977 916 3022; x_wconf 88' lang='lat' dir='ltr'><strong>versus</strong></span> <span class='ocrx_word' id='word_1_134' title='bbox 947 2963 1141 3044; x_wconf 85' lang='lat' dir='ltr'><strong>syncopatos</strong></span> <span class='ocrx_word' id='word_1_135' title='bbox 1171 2956 1227 3042; x_wconf 86' lang='lat'><strong>(-</strong></span> <span class='ocrx_word' id='word_1_136' title='bbox 1246 2993 1322 3028; x_wconf 80' lang='lat' dir='ltr'><strong>o—</strong></span> 
     </span>
     <span class='ocr_line' id='line_1_23' title="bbox 193 3061 1323 3146; baseline -0.003 -20"><span class='ocrx_word' id='word_1_137' title='bbox 193 3095 326 3132; x_wconf 82' lang='lat' dir='ltr'><strong>-o-</strong></span> <span class='ocrx_word' id='word_1_138' title='bbox 362 3066 395 3126; x_wconf 90' lang='lat' dir='ltr'><strong>et</strong></span> <span class='ocrx_word' id='word_1_139' title='bbox 427 3101 445 3130; x_wconf 75' lang='lat' dir='ltr'><strong>o</strong></span> <span class='ocrx_word' id='word_1_140' title='bbox 468 3097 598 3132; x_wconf 82' lang='lat' dir='ltr'><strong>-o-</strong></span> <span class='ocrx_word' id='word_1_141' title='bbox 620 3061 784 3144; x_wconf 82' lang='lat' dir='ltr'><strong>-o-)‚</strong></span> <span class='ocrx_word' id='word_1_142' title='bbox 827 3062 880 3146; x_wconf 92' lang='lat' dir='ltr'><strong>qui</strong></span> <span class='ocrx_word' id='word_1_143' title='bbox 920 3061 965 3124; x_wconf 91' lang='lat' dir='ltr'><strong>ita</strong></span> <span class='ocrx_word' id='word_1_144' title='bbox 1006 3062 1067 3126; x_wconf 89' lang='lat' dir='ltr'><strong>sint</strong></span> <span class='ocrx_word' id='word_1_145' title='bbox 1110 3062 1323 3128; x_wconf 88' lang='lat' dir='ltr'><strong>describendi:</strong></span> 
     </span>
    </p>
   </div>
   <div class='ocr_carea' id='block_1_9' title="bbox 189 3172 1345 4295">
    <p class='ocr_par' dir='ltr' id='par_1_10' title="bbox 193 3172 892 3238">
     <span class='ocr_line' id='line_1_24' title="bbox 193 3172 892 3238; baseline 0 -2"><span class='ocrx_word' id='word_1_146' title='bbox 193 3193 481 3236; x_wconf 65' lang='lat' dir='ltr'><strong>—u-a--u—</strong></span> <span class='ocrx_word' id='word_1_147' title='bbox 505 3172 892 3238; x_wconf 67' lang='lat' dir='ltr'><strong>etv-U*-U“&#39;·</strong></span> 
     </span>
    </p>

    <p class='ocr_par' dir='ltr' id='par_1_11' title="bbox 189 3269 1345 4064">
     <span class='ocr_line' id='line_1_25' title="bbox 296 3269 1323 3359; baseline 0.001 -26"><span class='ocrx_word' id='word_1_148' title='bbox 296 3269 390 3343; x_wconf 86' lang='lat' dir='ltr'><strong>Quod</strong></span> <span class='ocrx_word' id='word_1_149' title='bbox 414 3290 485 3334; x_wconf 91' lang='lat' dir='ltr'><strong>cum</strong></span> <span class='ocrx_word' id='word_1_150' title='bbox 508 3276 673 3336; x_wconf 89' lang='lat' dir='ltr'><strong>statueret.</strong></span> <span class='ocrx_word' id='word_1_151' title='bbox 697 3271 839 3354; x_wconf 80' lang='lat' dir='ltr'><strong>neglexit</strong></span> <span class='ocrx_word' id='word_1_152' title='bbox 861 3273 1025 3350; x_wconf 89' lang='lat' dir='ltr'><strong>rationem,</strong></span> <span class='ocrx_word' id='word_1_153' title='bbox 1043 3293 1139 3359; x_wconf 89' lang='lat' dir='ltr'><strong>quam</strong></span> <span class='ocrx_word' id='word_1_154' title='bbox 1157 3273 1225 3358; x_wconf 90' lang='lat' dir='ltr'><strong>ipse</strong></span> <span class='ocrx_word' id='word_1_155' title='bbox 1248 3271 1323 3336; x_wconf 91' lang='lat' dir='ltr'><strong>olim</strong></span> 
     </span>
     <span class='ocr_line' id='line_1_26' title="bbox 191 3373 1323 3460; baseline 0.004 -22"><span class='ocrx_word' id='word_1_156' title='bbox 191 3373 358 3459; x_wconf 84' lang='lat' dir='ltr'><strong>amplexus</strong></span> <span class='ocrx_word' id='word_1_157' title='bbox 390 3380 458 3438; x_wconf 90' lang='lat' dir='ltr'><strong>crat</strong></span> <span class='ocrx_word' id='word_1_158' title='bbox 488 3374 520 3436; x_wconf 92' lang='lat' dir='ltr'><strong>in</strong></span> <span class='ocrx_word' id='word_1_159' title='bbox 551 3375 598 3438; x_wconf 90' lang='lat' dir='ltr'><strong>his</strong></span> <span class='ocrx_word' id='word_1_160' title='bbox 631 3373 803 3460; x_wconf 89' lang='lat' dir='ltr'><strong>disciplinis</strong></span> <span class='ocrx_word' id='word_1_161' title='bbox 834 3375 1005 3440; x_wconf 85' lang='lat' dir='ltr'><strong>tractandis</strong></span> <span class='ocrx_word' id='word_1_162' title='bbox 1034 3383 1065 3440; x_wconf 90' lang='lat' dir='ltr'><strong>ct</strong></span> <span class='ocrx_word' id='word_1_163' title='bbox 1096 3377 1242 3442; x_wconf 93' lang='lat' dir='ltr'><strong>omnibus</strong></span> <span class='ocrx_word' id='word_1_164' title='bbox 1273 3399 1323 3442; x_wconf 90' lang='lat' dir='ltr'><strong>se·</strong></span> 
     </span>
     <span class='ocr_line' id='line_1_27' title="bbox 191 3477 1322 3566; baseline 0.003 -24"><span class='ocrx_word' id='word_1_165' title='bbox 191 3477 350 3563; x_wconf 89' lang='lat' dir='ltr'><strong>quendam</strong></span> <span class='ocrx_word' id='word_1_166' title='bbox 372 3483 592 3564; x_wconf 84' lang='lat' dir='ltr'><strong>proposuerat,</strong></span> <span class='ocrx_word' id='word_1_167' title='bbox 616 3485 649 3542; x_wconf 92' lang='lat' dir='ltr'><strong>nt</strong></span> <span class='ocrx_word' id='word_1_168' title='bbox 671 3479 748 3542; x_wconf 89' lang='lat' dir='ltr'><strong>nibil</strong></span> <span class='ocrx_word' id='word_1_169' title='bbox 772 3487 858 3544; x_wconf 88' lang='lat' dir='ltr'><strong>certo</strong></span> <span class='ocrx_word' id='word_1_170' title='bbox 886 3487 993 3565; x_wconf 87' lang='lat' dir='ltr'><strong>posset</strong></span> <span class='ocrx_word' id='word_1_171' title='bbox 1023 3481 1119 3546; x_wconf 91' lang='lat' dir='ltr'><strong>statui</strong></span> <span class='ocrx_word' id='word_1_172' title='bbox 1150 3481 1208 3546; x_wconf 91' lang='lat' dir='ltr'><strong>nisi</strong></span> <span class='ocrx_word' id='word_1_173' title='bbox 1237 3480 1322 3566; x_wconf 92' lang='lat' dir='ltr'><strong>quod</strong></span> 
     </span>
     <span class='ocr_line' id='line_1_28' title="bbox 191 3581 1323 3671; baseline 0 -23"><span class='ocrx_word' id='word_1_174' title='bbox 191 3589 316 3648; x_wconf 85' lang='lat' dir='ltr'><strong>veteres</strong></span> <span class='ocrx_word' id='word_1_175' title='bbox 337 3581 515 3666; x_wconf 83' lang='lat' dir='ltr'><strong>rhythmici,</strong></span> <span class='ocrx_word' id='word_1_176' title='bbox 531 3589 656 3666; x_wconf 87' lang='lat' dir='ltr'><strong>praeter</strong></span> <span class='ocrx_word' id='word_1_177' title='bbox 672 3589 795 3648; x_wconf 90' lang='lat' dir='ltr'><strong>eeteros</strong></span> <span class='ocrx_word' id='word_1_178' title='bbox 811 3585 865 3669; x_wconf 91' lang='lat' dir='ltr'><strong>qui</strong></span> <span class='ocrx_word' id='word_1_179' title='bbox 879 3585 1015 3671; x_wconf 89' lang='lat' dir='ltr'><strong>primurn</strong></span> <span class='ocrx_word' id='word_1_180' title='bbox 1031 3585 1112 3648; x_wconf 90' lang='lat' dir='ltr'><strong>inter</strong></span> <span class='ocrx_word' id='word_1_181' title='bbox 1129 3606 1183 3648; x_wconf 86' lang='lat' dir='ltr'><strong>eos</strong></span> <span class='ocrx_word' id='word_1_182' title='bbox 1200 3584 1323 3650; x_wconf 87' lang='lat' dir='ltr'><strong>obtinet</strong></span> 
     </span>
     <span class='ocr_line' id='line_1_29' title="bbox 191 3681 1345 3774; baseline 0.003 -24"><span class='ocrx_word' id='word_1_183' title='bbox 191 3687 296 3750; x_wconf 91' lang='lat' dir='ltr'><strong>locum</strong></span> <span class='ocrx_word' id='word_1_184' title='bbox 321 3687 544 3766; x_wconf 80' lang='lat' dir='ltr'><strong>Aristoxenus,</strong></span> <span class='ocrx_word' id='word_1_185' title='bbox 568 3686 616 3750; x_wconf 83' lang='lat' dir='ltr'><strong>rol</strong></span> <span class='ocrx_word' id='word_1_186' title='bbox 640 3689 875 3773; x_wconf 85' lang='lat' dir='ltr'><strong>praecepissent</strong></span> <span class='ocrx_word' id='word_1_187' title='bbox 898 3689 948 3753; x_wconf 89' lang='lat' dir='ltr'><strong>vel</strong></span> <span class='ocrx_word' id='word_1_188' title='bbox 973 3689 1058 3774; x_wconf 89' lang='lat' dir='ltr'><strong>quod</strong></span> <span class='ocrx_word' id='word_1_189' title='bbox 1083 3687 1251 3774; x_wconf 84' lang='lat' dir='ltr'><strong>diligenter</strong></span> <span class='ocrx_word' id='word_1_190' title='bbox 1267 3681 1345 3754; x_wconf 52' lang='lat' dir='ltr'><strong>ex?</strong></span> 
     </span>
     <span class='ocr_line' id='line_1_30' title="bbox 191 3791 1323 3878; baseline 0.001 -22"><span class='ocrx_word' id='word_1_191' title='bbox 191 3793 291 3856; x_wconf 89' lang='lat' dir='ltr'><strong>cussis</strong></span> <span class='ocrx_word' id='word_1_192' title='bbox 314 3811 425 3856; x_wconf 91' lang='lat' dir='ltr'><strong>eorum</strong></span> <span class='ocrx_word' id='word_1_193' title='bbox 448 3791 635 3856; x_wconf 86' lang='lat' dir='ltr'><strong>testimoniis</strong></span> <span class='ocrx_word' id='word_1_194' title='bbox 657 3799 765 3878; x_wconf 89' lang='lat' dir='ltr'><strong>posset</strong></span> <span class='ocrx_word' id='word_1_195' title='bbox 789 3793 866 3874; x_wconf 90' lang='lat' dir='ltr'><strong>erui,</strong></span> <span class='ocrx_word' id='word_1_196' title='bbox 894 3813 1002 3856; x_wconf 90' lang='lat' dir='ltr'><strong>omnes</strong></span> <span class='ocrx_word' id='word_1_197' title='bbox 1026 3799 1133 3858; x_wconf 86' lang='lat' dir='ltr'><strong>autem</strong></span> <span class='ocrx_word' id='word_1_198' title='bbox 1156 3793 1245 3877; x_wconf 87' lang='lat' dir='ltr'><strong>leges</strong></span> <span class='ocrx_word' id='word_1_199' title='bbox 1267 3799 1323 3857; x_wconf 91' lang='lat' dir='ltr'><strong>aut</strong></span> 
     </span>
     <span class='ocr_line' id='line_1_31' title="bbox 191 3894 1321 3984; baseline 0.003 -24"><span class='ocrx_word' id='word_1_200' title='bbox 191 3917 232 3960; x_wconf 87' lang='lat' dir='ltr'><strong>ex</strong></span> <span class='ocrx_word' id='word_1_201' title='bbox 255 3895 376 3959; x_wconf 89' lang='lat' dir='ltr'><strong>recenti</strong></span> <span class='ocrx_word' id='word_1_202' title='bbox 398 3900 466 3958; x_wconf 88' lang='lat' dir='ltr'><strong>arte</strong></span> <span class='ocrx_word' id='word_1_203' title='bbox 490 3894 609 3958; x_wconf 90' lang='lat' dir='ltr'><strong>musica</strong></span> <span class='ocrx_word' id='word_1_204' title='bbox 628 3894 664 3960; x_wconf 90' lang='lat' dir='ltr'><strong>iis</strong></span> <span class='ocrx_word' id='word_1_205' title='bbox 683 3895 833 3962; x_wconf 86' lang='lat' dir='ltr'><strong>obtrusae</strong></span> <span class='ocrx_word' id='word_1_206' title='bbox 849 3905 904 3962; x_wconf 90' lang='lat' dir='ltr'><strong>ant</strong></span> <span class='ocrx_word' id='word_1_207' title='bbox 920 3897 961 3961; x_wconf 88' lang='lat' dir='ltr'><strong>ad</strong></span> <span class='ocrx_word' id='word_1_208' title='bbox 985 3897 1145 3984; x_wconf 85' lang='lat' dir='ltr'><strong>propriam</strong></span> <span class='ocrx_word' id='word_1_209' title='bbox 1169 3905 1201 3962; x_wconf 89' lang='lat' dir='ltr'><strong>et</strong></span> <span class='ocrx_word' id='word_1_210' title='bbox 1226 3918 1321 3983; x_wconf 89' lang='lat' dir='ltr'><strong>pecu·</strong></span> 
     </span>
     <span class='ocr_line' id='line_1_32' title="bbox 189 3997 869 4064; baseline 0 0"><span class='ocrx_word' id='word_1_211' title='bbox 189 3999 298 4064; x_wconf 81' lang='lat' dir='ltr'><strong>liorem</strong></span> <span class='ocrx_word' id='word_1_212' title='bbox 320 3997 508 4064; x_wconf 90' lang='lat' dir='ltr'><strong>sententiam</strong></span> <span class='ocrx_word' id='word_1_213' title='bbox 531 3998 624 4063; x_wconf 85' lang='lat' dir='ltr'><strong>fictae</strong></span> <span class='ocrx_word' id='word_1_214' title='bbox 646 3999 869 4064; x_wconf 79' lang='lat' dir='ltr'><strong>obicerentur.2</strong></span> 
     </span>
    </p>

    <p class='ocr_par' dir='ltr' id='par_1_12' title="bbox 190 4101 1323 4295">
     <span class='ocr_line' id='line_1_33' title="bbox 294 4101 1323 4170; baseline 0.002 -2"><span class='ocrx_word' id='word_1_215' title='bbox 294 4101 378 4168; x_wconf 84' lang='lat' dir='ltr'><strong>Sane</strong></span> <span class='ocrx_word' id='word_1_216' title='bbox 408 4102 470 4166; x_wconf 88' lang='lat' dir='ltr'><strong>ista</strong></span> <span class='ocrx_word' id='word_1_217' title='bbox 499 4123 703 4168; x_wconf 89' lang='lat' dir='ltr'><strong>numerorum</strong></span> <span class='ocrx_word' id='word_1_218' title='bbox 731 4104 938 4169; x_wconf 89' lang='lat' dir='ltr'><strong>iambicorum</strong></span> <span class='ocrx_word' id='word_1_219' title='bbox 970 4105 1051 4170; x_wconf 90' lang='lat' dir='ltr'><strong>ratio</strong></span> <span class='ocrx_word' id='word_1_220' title='bbox 1083 4103 1323 4170; x_wconf 87' lang='lat' dir='ltr'><strong>accommodata</strong></span> 
     </span>
     <span class='ocr_line' id='line_1_34' title="bbox 190 4203 1320 4295; baseline 0.004 -26"><span class='ocrx_word' id='word_1_221' title='bbox 190 4213 239 4270; x_wconf 88' lang='lat' dir='ltr'><strong>est</strong></span> <span class='ocrx_word' id='word_1_222' title='bbox 261 4204 301 4270; x_wconf 88' lang='lat' dir='ltr'><strong>ad</strong></span> <span class='ocrx_word' id='word_1_223' title='bbox 324 4203 497 4270; x_wconf 88' lang='lat' dir='ltr'><strong>hodiernae</strong></span> <span class='ocrx_word' id='word_1_224' title='bbox 519 4207 594 4270; x_wconf 85' lang='lat' dir='ltr'><strong>artis</strong></span> <span class='ocrx_word' id='word_1_225' title='bbox 625 4207 764 4273; x_wconf 87' lang='lat' dir='ltr'><strong>musicae</strong></span> <span class='ocrx_word' id='word_1_226' title='bbox 786 4215 965 4294; x_wconf 87' lang='lat' dir='ltr'><strong>praccepta,</strong></span> <span class='ocrx_word' id='word_1_227' title='bbox 996 4209 1112 4295; x_wconf 91' lang='lat' dir='ltr'><strong>inqua</strong></span> <span class='ocrx_word' id='word_1_228' title='bbox 1142 4209 1195 4274; x_wconf 85' lang='lat' dir='ltr'><strong>lex</strong></span> <span class='ocrx_word' id='word_1_229' title='bbox 1226 4209 1320 4294; x_wconf 87' lang='lat' dir='ltr'><strong>valet,</strong></span> 
     </span>
    </p>
   </div>
   <div class='ocr_carea' id='block_1_10' title="bbox 192 4313 394 4323">
    <p class='ocr_par' dir='ltr' id='par_1_13' title="bbox 192 4313 394 4323">
     <span class='ocr_line' id='line_1_35' title="bbox 192 4313 394 4323; baseline 0 -1"><span class='ocrx_word' id='word_1_230' title='bbox 192 4313 394 4323; x_wconf 66' lang='lat'><strong>-———·-—---</strong></span> 
     </span>
    </p>
   </div>
   <div class='ocr_carea' id='block_1_11' title="bbox 293 4349 1011 4514">
    <p class='ocr_par' dir='ltr' id='par_1_14' title="bbox 293 4349 1011 4514">
     <span class='ocr_line' id='line_1_36' title="bbox 295 4349 512 4417; baseline 0.009 -18"><span class='ocrx_word' id='word_1_231' title='bbox 295 4351 303 4386; x_wconf 83' lang='lat'><strong>¹</strong></span> <span class='ocrx_word' id='word_1_232' title='bbox 323 4349 413 4402; x_wconf 78' lang='lat' dir='ltr'><strong>Praei.</strong></span> <span class='ocrx_word' id='word_1_233' title='bbox 432 4365 459 4417; x_wconf 89' lang='lat' dir='ltr'><strong>p.</strong></span> <span class='ocrx_word' id='word_1_234' title='bbox 478 4349 512 4402; x_wconf 83' lang='lat' dir='ltr'><strong>X.</strong></span> 
     </span>
     <span class='ocr_line' id='line_1_37' title="bbox 293 4438 1011 4514; baseline 0.007 -23"><span class='ocrx_word' id='word_1_235' title='bbox 293 4438 304 4472; x_wconf 82' lang='lat'><strong>²</strong></span> <span class='ocrx_word' id='word_1_236' title='bbox 324 4438 431 4506; x_wconf 77' lang='lat' dir='ltr'><strong>Fragor.</strong></span> <span class='ocrx_word' id='word_1_237' title='bbox 452 4453 476 4493; x_wconf 89' lang='lat' dir='ltr'><strong>u.</strong></span> <span class='ocrx_word' id='word_1_238' title='bbox 495 4439 589 4492; x_wconf 85' lang='lat' dir='ltr'><strong>Lehrs.</strong></span> <span class='ocrx_word' id='word_1_239' title='bbox 610 4439 635 4492; x_wconf 91' lang='lat' dir='ltr'><strong>d.</strong></span> <span class='ocrx_word' id='word_1_240' title='bbox 654 4455 695 4507; x_wconf 80' lang='lat' dir='ltr'><strong>gr.</strong></span> <span class='ocrx_word' id='word_1_241' title='bbox 715 4439 843 4510; x_wconf 87' lang='lat' dir='ltr'><strong>Rhythm.</strong></span> <span class='ocrx_word' id='word_1_242' title='bbox 862 4458 887 4514; x_wconf 90' lang='lat' dir='ltr'><strong>p.</strong></span> <span class='ocrx_word' id='word_1_243' title='bbox 906 4441 922 4494; x_wconf 75' lang='lat'><strong>7</strong></span> <span class='ocrx_word' id='word_1_244' title='bbox 941 4445 969 4496; x_wconf 84' lang='lat' dir='ltr'><strong>ct</strong></span> <span class='ocrx_word' id='word_1_245' title='bbox 987 4439 1011 4496; x_wconf 89' lang='grc'><strong>8.</strong></span> 
     </span>
    </p>
   </div>
   <div class='ocr_carea' id='block_1_12' title="bbox 0 0 1626 4932">
    <p class='ocr_par' dir='ltr' id='par_1_15' title="bbox 0 0 1626 4932">
     <span class='ocr_line' id='line_1_38' title="bbox 0 0 1626 4932; baseline 0 2"><span class='ocrx_word' id='word_1_246' title='bbox 0 0 1626 4932; x_wconf 95' lang='lat' dir='ltr'><strong> </strong></span> 
     </span>
    </p>
   </div>
  </div>
 </body>
</html>
