3238 4930
331 500 372 561 aa
856 497 948 580 [240]

332 689 435 753 eutice
458 689 630 754 tetracolos
653 695 680 770 l,
714 688 765 752 ad
788 691 971 774 Angustum
995 687 1037 752 de
1058 689 1263 773 expeditione
1285 689 1354 752 eius
1378 710 1469 773 proa-

331 795 435 857 eutice
469 795 642 857 tetracolos
673 814 714 873 γ).
760 791 833 856 Hoc
863 814 989 856 carmen
1021 814 1093 856 curn
1117 800 1149 856 et
1181 792 1222 856 de
1245 791 1389 856 Caesaris
1418 815 1468 856 re-

330 898 397 960 ditu
420 917 530 982 preces
554 903 586 959 et
607 897 731 982 imperii
752 917 771 958 a
793 895 934 960 Caesare
956 897 1085 979 egregie
1108 896 1238 959 stabiliti
1262 895 1372 959 landes
1394 918 1469 960 con·

332 1001 441 1065 tineat.
463 1002 663 1086 proseuctiee
679 1000 834 1084 appellari
850 1009 978 1083 poterat
992 999 1141 1085 idemque
1157 1000 1197 1063 ad
1214 1002 1354 1084 speciem
1373 1021 1469 1086 paea·

330 1107 378 1170 nis
400 1103 553 1169 accedere
573 1105 673 1168 rideri
698 1126 761 1188 qno
784 1113 893 1187 grates
917 1105 1039 1168 numini
1054 1113 1155 1188 agrmt
1177 1104 1304 1188 sospiti:
1328 1104 1465 1168 Horatio

330 1210 416 1274 enim
439 1209 607 1291 Augustus
631 1208 789 1272 deusest.
829 1207 926 1272 Certe
948 1207 1068 1292 duplex
1092 1209 1215 1272 notatio
1239 1209 1270 1270 h.
1293 1209 1313 1272 l.
1337 1229 1402 1272 non
1426 1229 1466 1270 ex

331 1312 548 1398 dittographia
577 1313 629 1376 vel
651 1314 739 1376 varia
761 1313 898 1376 lectione
920 1321 991 1375 orta
1014 1319 1073 1392 est,
1107 1311 1164 1376 sed
1188 1313 1334 1396 primitus
1357 1310 1399 1374 ad
1421 1311 1469 1373 in·

330 1415 437 1482 dolem
460 1417 609 1482 carminis
632 1415 862 1500 designandam
885 1415 1038 1480 adhibita.

487 1519 558 1604 ΙΙΙ)
602 1518 860 1584 Panln'onm.

433 1625 449 1690 Ι
475 1627 529 1688 16:
556 1623 583 1689 O
604 1632 707 1688 matre
727 1624 861 1707 pulchra
874 1625 952 1709 filio
972 1623 1139 1707 pulchrior
1161 1631 1216 1687 etc.

435 1727 617 1811 (Palinodis
642 1727 803 1792 Gratidiae
826 1729 878 1792 rel
901 1726 1080 1791 Tindaridia
1096 1727 1154 1806 Fr,
1173 1726 1340 1790 l'alinodia
1361 1725 1468 1790 Grati·

331 1833 382 1898 die
411 1841 455 1914 y).
500 1832 666 1896 Illustrant
695 1852 761 1894 rem
791 1830 1022 1917 Porphyrionis
1053 1830 1166 1896 verba:
1199 1828 1291 1894 .Hae
1314 1830 1376 1894 ode
1407 1856 1468 1892 πα-

331 1939 471 2024 λινῳδίαν
492 1936 685 2022 repromittit
709 1937 737 1998 ei
761 1937 792 1998 in
817 1955 911 2021 quam
935 1936 1125 2022 probrosum
1145 1955 1271 1998 carmen
1287 1934 1467 2018 scripserat,

329 2039 535 2126 Tyndaridae
559 2039 685 2105 cuidam
707 2040 829 2104 amicae
855 2060 942 2118 suae,
964 2040 995 2106 id
1021 2047 1069 2104 est
1091 2044 1400 2103 recantaturum
1429 2058 1469 2100 ea

331 2163 413 2229 quae
444 2144 577 2210 dixerat.
607 2143 747 2226 dicitque
775 2165 810 2206 se
834 2143 998 2206 iracundia
1027 2149 1148 2206 motum
1179 2141 1258 2205 haec
1287 2141 1468 2225 scripsisse;

332 2237 480 2311 adli'rmat
502 2255 610 2311 autem
635 2267 698 2310 non
722 2248 823 2330 magis
847 2247 957 2310 Matris
981 2247 1118 2332 Magnae
1141 2257 1197 2312 aut
1223 2245 1379 2330 Apollinis
1411 2267 1468 2309 nu·

330 2351 415 2414 mine
437 2350 604 2415 instinctos
627 2350 732 2414 furere
763 2371 856 2435 quam
881 2351 1015 2434 eosqui
1045 2352 1209 2415 iracundia
1240 2351 1303 2414 sint
1333 2351 1467 2430 incitati,

330 2453 414 2520 adeo
437 2463 473 2518 ut
496 2453 584 2518 nulla
606 2475 678 2517 cum
701 2455 733 2516 vi
757 2454 806 2518 hic
828 2453 919 2518 luror
940 2454 1094 2518 deterreri
1116 2454 1246 2539 possit.“

484 2553 571 2638 1111)
616 2555 840 2621 uflssnuva

434 2659 450 2724 l
473 2663 531 2724 24:
554 2661 632 2741 Quia
654 2661 809 2725 desiderio
830 2663 872 2724 sit
891 2661 1000 2744 pudor
1020 2668 1076 2724 out
1098 2661 1211 2725 modus
1233 2667 1288 2725 etc.

434 2763 595 2845 (Thronus
626 2765 656 2826 in
690 2765 879 2837 Quintilium
912 2775 1074 2828 mortuum
1097 2763 1136 2831 F,
1165 2763 1288 2828 Treuos
1311 2766 1342 2828 in
1367 2765 1468 2839 Quin·

330 2867 432 2932 tilium
455 2867 623 2952 aVirgilio
647 2876 787 2932 amatum
803 2869 846 2947 λ).
879 2869 970 2932 Haec
991 2890 1120 2954 quoque
1135 2869 1298 2954 inscriptio
1315 2877 1390 2954 apta
1409 2877 1468 2934 est.

484 2971 532 3054 V)
577 2967 917 3037 ENCOMIAS'I'ICE.

435 3073 534 3140 *1111
557 3077 592 3139 4:
615 3076 745 3155 Qualem
768 3077 949 3140 ministrum
967 3075 1118 3159 fulminis
1139 3061 1246 3140 alitem
1269 3082 1324 3140 etc.

434 3177 501 3260 (Ad
525 3179 635 3243 urbem
659 3179 836 3244 Romanam
860 3179 1013 3256 (Romam
1040 3181 1071 3260 y)
1096 3179 1137 3246 do
1161 3179 1260 3244 indoli
1284 3178 1408 3262 (indole
1433 3178 1467 3262 y)

332 3280 448 3346 ducum
472 3283 715 3369 prosphonetico
733 3284 954 3348 encomiastice
970 3283 1140 3348 tetracoloa
1159 3285 1275 3364 ABly;
1299 3282 1371 3346 add.
1388 3288 1417 3345 t:
1437 3285 1468 3346 in

332 3385 429 3450 Drusi
452 3385 588 3450 Neronis
613 3386 789 3470 virtutem).
828 3386 964 3452 Carmen
995 3388 1252 3452 encomiasticum
1276 3387 1468 3470 inscribitur,

333 3489 485 3572 quoniam
514 3491 615 3556 altera
645 3497 734 3575 parte
760 3490 925 3556 Neronum
956 3491 1091 3554 virtutes
1116 3491 1251 3570 extollit,
1282 3491 1383 3554 altera
1411 3513 1468 3576 po·

333 3593 398 3677 puli
411 3593 549 3659 Romani
563 3594 661 3659 robur
676 3616 713 3658 ac
736 3595 818 3658 vires
842 3615 898 3680 per
917 3593 1106 3658 Hannibalis
1123 3595 1306 3659 vaticinium
1318 3595 1468 3660 illustrat.

333 3695 372 3762 cl.
396 3697 653 3782 prosphonetico.

436 3799 505 3864 IlIl
529 3803 565 3865 8:
590 3800 752 3866 Donarem
770 3809 904 3886 poteras
926 3809 1082 3887 pratoque
1106 3803 1283 3868 comruodus
1305 3809 1359 3868 etc.

437 3903 503 3985 (Ad
529 3903 737 3970 Censorinum
768 3907 964 3990 comparatio
991 3907 1133 3991 poetices
1164 3907 1344 3970 divitiarum
1374 3906 1470 3971 simul

333 4025 370 4070 ao
393 4007 518 4071 virtutis
541 4008 762 4072 encomiastioe
784 4009 970 4072 monocolos
985 4011 1059 4088 AB,
1079 4009 1130 4072 Ad
1152 4008 1303 4073 Marcium
1322 4008 1470 4074 Censori·

334 4129 387 4173 um
419 4111 614 4194 comportatio
645 4111 786 4196 poetices
816 4112 997 4175 divitiarum
1022 4113 1114 4176 simul
1145 4119 1177 4174 et
1207 4113 1339 4177 virtutis.
1373 4133 1471 4176 oneo·

334 4213 475 4278 miastice
504 4215 677 4279 tetracolos
705 4239 731 4296 y,
764 4215 812 4279 Ad
844 4215 997 4280 Marcium
1030 4214 1241 4280 Censorinum
1271 4215 1470 4300 comparatio

335 4317 460 4402 poetice
475 4315 677 4382 fortunarum
689 4317 781 4382 simul
797 4341 834 4382 ae
846 4319 974 4384 virtutis
987 4319 1211 4384 encomiastice
1224 4317 1411 4383 monocolos
1428 4321 1471 4388 tt.

335 4419 506 4486 Praedicat
530 4421 677 4485 videlicet
700 4423 759 4486 hac
782 4421 841 4486 ode
860 4421 1021 4514 Horatius
1038 4423 1113 4486 artis
1136 4423 1283 4506 poeticae
1302 4429 1471 4507 praestan-

334 4523 420 4598 tiam,
443 4521 528 4588 unde
551 4523 731 4610 explicatur
753 4525 927 4611 inscriptio.
