3274 4934
277 1309 319 1406 ln
335 1342 601 1428 epigrammatum
614 1343 807 1409 Graecorum
823 1343 988 1428 lapidibus
999 1345 1180 1428 incisorum,
1196 1349 1323 1433 quaein

191 1449 340 1534 Aegypto
355 1455 481 1533 reperta
496 1453 616 1513 suntet
635 1453 706 1532 post
722 1447 927 1513 Letronnium
942 1469 963 1514 a
978 1449 1112 1515 Franzic
1131 1451 1164 1516 in
1180 1451 1217 1518 0.
1236 1453 1261 1516 Ι.
1281 1452 1320 1518 G.

190 1552 255 1616 vol.
274 1551 322 1616 ΙΙΙ
338 1551 434 1634 edita,
460 1551 568 1617 verbis
584 1551 626 1616 ad
648 1552 726 1617 artis
741 1571 884 1616 normam
907 1553 1137 1620 constituendis
1152 1575 1247 1638 qnam
1262 1577 1325 1620 non

192 1653 281 1719 firmo
305 1655 514 1721 fundamento
540 1675 638 1739 saepe
664 1655 855 1736 niterentur,
886 1655 978 1720 multi
1003 1656 1063 1722 viri
1089 1657 1175 1722 docti
1201 1659 1325 1743 experti

192 1765 276 1823 sunt.
315 1759 398 1823 Nam
420 1765 493 1844 post
514 1759 690 1824 carminum
711 1758 839 1823 illorum
862 1759 1011 1842 exempla
1025 1760 1104 1825 satis
1120 1760 1327 1844 diligentera

192 1861 293 1926 Saltio
308 1861 522 1927 Wilkinsonio
533 1863 761 1928 -Leuormantio
777 1863 906 1928 L'Hdtio
921 1865 1065 1930 confecta
1080 1885 1149 1928 cum
1168 1865 1291 1930 Bailius
1303 1867 1323 1948 ¹]

193 1965 332 2031 maxime
356 1966 422 2031 suis
443 1965 547 2050 ipsius
570 1967 765 2051 apographis
789 1987 945 2032 summam
968 1967 1114 2033 deveris
1137 1969 1328 2033 lectionibus

193 2069 346 2134 movisset
367 2069 598 2135 dubitationem
613 2073 657 2154 ²),
689 2077 807 2152 testes,
832 2071 948 2154 quibus
969 2069 1050 2136 fides
1073 2071 1184 2137 haberi
1206 2079 1325 2156 posset,

193 2171 470 2239 desiderabantur.
503 2173 572 2252 Quo
587 2172 725 2238 maiores
741 2173 865 2256 gratiae
881 2174 917 2238 R.
938 2174 1056 2258 Lepsio
1072 2173 1219 2258 agendae
1241 2182 1326 2260 sunt,

194 2277 289 2360 quod,
316 2296 386 2341 cum
402 2277 586 2362 Aegyptum
609 2276 702 2342 annis
718 2275 812 2342 huius
829 2277 949 2342 saeculi
965 2278 1187 2344 XLII—XLV
1204 2279 1246 2343 ad
1263 2300 1330 2342 mo-

194 2387 346 2446 numenta
383 2380 538 2464 aegyptia
574 2379 797 2464 cognoscenda
832 2387 865 2446 et
897 2381 1080 2464 colligenda
1108 2382 1327 2466 perlustraret,

196 2483 292 2548 etiam
308 2483 532 2568 inscriptiones
547 2503 681 2568 graecas
699 2489 731 2548 ct
745 2483 863 2549 latinas
875 2483 1001 2568 ectypis
1012 2483 1167 2550 conlectis
1183 2491 1331 2550 amurate

197 2585 359 2652 constituit
384 2593 417 2652 et
445 2607 520 2653 aere
546 2586 665 2652 incisas
691 2586 725 2650 in
746 2587 1021 2653 Monumentcrum
1051 2588 1211 2654 volumine
1242 2595 1332 2653 sexto

197 2691 262 2755 tab.
274 2693 417 2755 70—101
432 2688 543 2755 edidit.
571 2689 676 2773 Atque
687 2690 798 2773 quanti
808 2689 916 2776 Lepsii
928 2691 1115 2774 apographa
1130 2689 1332 2756 aestimanda

197 2800 315 2876 essent,
339 2793 406 2858 iam
421 2793 635 2858 Mommsenus
651 2793 768 2877 docuit,
794 2813 865 2860 cum
888 2793 935 2860 eis
951 2813 1028 2859 usus
1044 2793 1267 2878 inscriptiones
1283 2793 1333 2858 la-

197 2895 280 2960 tinas
294 2895 329 2960 in
344 2896 493 2980 Aegypto
512 2903 654 2980 repertas
669 2895 778 2963 ederet
790 2900 827 2980 ³).
868 2898 1037 2962 Praeterea
1053 2895 1269 2962 Kirchholfius
1290 2896 1332 2961 ti-

196 2999 280 3065 tulos
302 3000 471 3065 nonnullos
492 3006 621 3084 propter
642 2999 851 3066 litteraturam
875 3007 908 3066 et
929 2999 1151 3084 antiquitatem
1174 3000 1333 3065 notabiles

197 3123 237 3169 ex
250 3103 359 3188 Lepsii
372 3123 469 3188 opere
484 3101 707 3188 deprompsit⁴l
723 3127 729 3182 ;
748 3123 850 3189 nuper
861 3103 1048 3188 Droysenns
1063 3103 1094 3168 in
1111 3103 1246 3169 historia
1258 3104 1333 3169 Pto-

197 3207 392 3274 lemaeorum
406 3205 586 3272 enarranda
598 3206 711 3272 eadem
730 3213 848 3292 ectypa
859 3207 1018 3272 consuluit
1026 3208 1063 3288 ⁵).
1089 3207 1329 3289 Marquardtiill

197 3329 272 3375 vero
288 3309 456 3386 sententia,
476 3309 609 3393 quinon
623 3311 758 3376 multum
770 3310 880 3395 Lepsii
894 3315 1051 3395 apparatu
1066 3329 1124 3374 nos
1139 3309 1241 3375 iuvari
1257 3329 1333 3374 cen·
1363 3381 1366 3388 ,

198 3419 264 3494 set,
290 3433 402 3478 vereor
423 3419 458 3478 ut
480 3412 565 3479 iusta
585 3413 643 3478 sit:
666 3412 794 3497 ‘aliquid
816 3420 901 3479 certe
923 3413 966 3478 ad
982 3433 1053 3479 eam
1076 3412 1332 3495 redarguendam

199 3535 274 3601 spes
290 3521 339 3581 cst
353 3517 415 3582 hac
431 3536 504 3582 mea
527 3517 793 3582 commentatione
814 3517 948 3582 allatum
963 3516 1013 3581 in'.
1047 3515 1166 3581 sitavit
1182 3516 1331 3600 Lepsium

200 3621 295 3686 etiam
313 3619 477 3704 Wescher,
500 3640 571 3687 oum
588 3620 730 3686 carmina
745 3618 903 3702 quaedam
920 3619 1024 3686 denuo
1039 3618 1164 3685 ederet:
1191 3621 1332 3702 quicum

269 3828 284 3888 0
307 3827 364 3880 lac.
379 3824 534 3896 Kennedey
552 3825 642 3881 Bsilie
660 3824 729 3880 fasc.
746 3826 797 3880 ΙΙΙ.
813 3826 939 3896 inscript.
958 3841 1047 3896 graec.
1060 3825 1150 3880 Dubl
1171 3829 1244 3892 lssltl,
1268 3825 1332 3880 vide

199 3912 230 3966 G.
245 3913 267 3966 I.
282 3911 317 3967 G.
332 3911 375 3966 Ill
389 3910 464 3965 Add.
478 3927 505 3980 p.
523 3913 588 3962 1200
601 3930 628 3966 n.
643 3914 709 3964 4720
723 3911 759 3965 al.

268 3998 287 4060 2)
303 3995 338 4051 cl.
352 3997 513 4051 Mommsen.
528 3997 601 4052 inc.
615 3997 637 4052 l.
653 3998 685 4052 L.
701 3999 753 4063 ΙΙΙ,
771 4000 780 4049 l
796 4014 823 4067 p.
838 3999 864 4063 9,
878 3997 929 4053 VI.

268 4083 288 4148 ³)
303 4083 334 4138 0.
350 4081 371 4137 1.
387 4082 417 4136 L.
433 4083 485 4147 111,
502 4084 512 4133 l
527 4097 554 4150 p.
570 4085 585 4134 6
599 4100 638 4153 sq.

268 4171 287 4232 ⁴)
305 4168 417 4222 Studien
429 4187 450 4220 a.
470 4169 564 4220 Gessit.
580 4169 607 4222 d.
621 4169 720 4240 pricclt.
735 4168 869 4238 neptam
879 4185 906 4238 p.
922 4172 955 4220 34
968 4185 1010 4240 sq.

152 4289 155 4294 -
267 4255 287 4320 ⁵)
305 4254 487 4308 Helleaismua
499 4253 542 4308 111
555 4269 581 4321 p.
596 4257 629 4306 44
643 4259 724 4308 Anna.
741 4259 765 4308 3.

268 4341 287 4406 θ)
305 4341 383 4394 num.
401 4340 658 4409 swatwerwauunp
669 4340 683 4393 I
694 4357 721 4410 p.
737 4343 795 4394 282.
