3266 4926
267 391 307 452 oo
790 391 876 474 μοι]
922 427 963 436 ,-

352 581 387 645 Ρ.
414 583 476 644 ml
500 581 580 665 περὶ
604 581 756 656 Φίλωνος
778 586 839 646 τοῦ
860 587 1105 666 γραμματικοῦ,
1153 577 1304 666 ἔγραψεν
1326 576 1402 644 ἔπι-

267 681 448 770 γράμματα
470 685 587 766 βιβλία
609 681 650 751 δ’.
691 683 877 770 Philosophi
898 683 994 752 huius
1016 684 1250 770 epigrammata
1263 704 1328 750 una
1342 703 1401 750 no-

266 787 312 854 vit
332 786 485 854 hludooia.

352 891 388 956 P.
415 895 477 956 435
501 893 582 976 περὶ
603 889 779 976 Χάρωνος.
805 886 944 972 Λιβυκά
968 890 1074 974 Suid.,
1099 887 1238 973 Λιβυκά
1260 888 1289 975 γ’
1313 888 1395 956 eud.

266 995 350 1074 Quot
371 993 491 1060 luerint
512 994 603 1076 libri,
630 1013 701 1060 enm
724 1013 818 1060 nemo
839 1000 984 1060 vetemm
1006 993 1133 1076 referat,
1159 993 1323 1060 Eudooiae
1345 1013 1400 1058 sa-

265 1099 399 1182 gacitati
420 1098 517 1168 etiam
532 1099 618 1164 huno
631 1118 798 1164 numemm
814 1097 925 1166 deberi
940 1097 1028 1165 haud
1044 1105 1230 1166 cunctanter
1244 1097 1396 1164 oonieias.

351 1203 386 1267 P.
413 1203 476 1267 436
499 1202 579 1288 περὶ
596 1198 762 1288 Χάρωνος
790 1201 845 1284 (ita
866 1201 993 1269 violarii
1017 1201 1127 1283 codex)
1155 1208 1216 1268 τοῦ
1241 1207 1400 1286 Ναυκρα-

265 1309 368 1370 τίτου.
414 1305 522 1372 Verba
543 1307 601 1371 καλ
622 1312 680 1392 τῆς
703 1304 861 1392 διαδοχῆς
883 1299 994 1371 αὐτῶν
1022 1304 1165 1372 Eudoeia
1193 1312 1250 1371 aut
1278 1325 1318 1372 ex
1341 1325 1399 1370 suo

263 1407 393 1494 ingenio
415 1409 544 1493 glossae
566 1431 584 1478 e
608 1408 709 1476 Suida
731 1409 852 1496 petitae
873 1409 1000 1476 addidit
1021 1415 1078 1476 aut
1099 1408 1141 1475 de
1162 1409 1227 1476 alio
1248 1407 1398 1474 historico

245 1513 436 1580 transtulit.
552 1563 555 1570 ι

271 1611 275 1618 ’
349 1615 474 1684 Ibidem
498 1617 577 1702 περὶ
600 1613 841 1704 Χριστοόώρου
863 1623 924 1684 τοῦ
946 1623 1100 1702 ποιητοῦ.
1133 1613 1400 1702 ἐπιγραμμάτων

265 1721 381 1803 βιβλία
396 1717 436 1805 γ’,
465 1719 653 1786 ἐπιστολῶν
667 1716 706 1785 δ’.
748 1721 913 1808 Epistulas
935 1720 1029 1804 fingit
1043 1719 1140 1802 Eud,
1167 1720 1399 1805 epigrammata

264 1823 352 1890 novit
373 1843 414 1890 ex
436 1822 622 1908 anthologia
643 1824 820 1906 Planndea,
850 1825 883 1890 in
906 1825 989 1892 falso
1011 1824 1162 1890 libromm
1185 1843 1317 1889 numero
1339 1823 1399 1889 ad-

264 1927 330 1994 dito
351 1913 488 1994 nonest
511 1947 567 1994 our
588 1947 756 1996 moremur.
796 1928 946 1996 Ceterum
961 1922 1094 2016 Ἄφακα
1117 1933 1202 1994 reate
1224 1925 1252 1992 Α
1275 1927 1312 2010 ΕΙ
1340 1920 1399 1991 ἄλ-

265 2054 358 2118 φοκα
381 2051 453 2098 enm
476 2032 564 2115 vulg.
590 2030 745 2099 Eudoeia.

351 2135 387 2200 P.
414 2137 475 2200 437
507 2136 587 2220 περὶ
609 2133 795 2223 Χοιρίλλου
822 2134 877 2216 (ita
898 2135 982 2202 nuo.
1008 2157 1080 2202 eom
1103 2136 1210 2219 vulg,
1236 2135 1399 2220 Χοιρίλος

264 2245 349 2305 reete
371 2239 424 2320 Al.
477 2237 606 2326 ἔγραψε
636 2239 673 2304 δὲ
702 2233 885 2316 ἐπιστολὰς
915 2237 1045 2315 πολλὰς
1073 2239 1130 2304 καί
1159 2235 1399 2324 ἐπιγράμματα

265 2344 321 2408 καὶ
344 2341 532 2426 κωμῳδίας.
577 2343 639 2422 Qui
662 2343 751 2429 epioo
773 2349 888 2428 poetae
911 2343 1092 2409 comoedias
1114 2341 1293 2423 omisserit,
1319 2362 1399 2408 enn-

265 2445 458 2513 demetiam
481 2447 639 2532 epistulas
662 2453 694 2514 et
716 2445 952 2533 epigrammata
981 2445 1167 2512 ementitum
1190 2465 1262 2511 esse
1284 2465 1342 2530 per
1363 2464 1399 2510 se

263 2557 362 2635 patet.
410 2551 558 2618 Ceterum
590 2549 719 2638 ἐνίκησε
743 2549 779 2615 δὲ
803 2547 844 2634 ιγ’
875 2557 960 2617 reete
989 2549 1122 2630 Suidas,
1156 2547 1285 2636 ἐνίκησε
1309 2548 1345 2613 δὲ
1368 2545 1396 2634 ρ’

264 2653 359 2733 Eud,
387 2654 477 2720 ouius
501 2673 586 2721 error
608 2661 702 2721 natns
725 2673 799 2720 esse
821 2673 839 2720 e
861 2651 1129 2738 praecedentibus
1145 2649 1300 2738 ὁράματα
1315 2673 1399 2717 πεν-

264 2755 407 2846 τήκοντα
430 2759 486 2822 καί
503 2755 530 2844 ρ’
554 2758 692 2826 videtur.
710 2757 723 2843 ΙΙ
739 2757 776 2822 In
791 2757 905 2823 eadem
921 2778 996 2843 pag.
1016 2777 1072 2823 em·
1085 2757 1192 2823 verbis
1215 2751 1400 2821 καὶπολλὰ

265 2857 441 2946 ιγιλόσοιγα
470 2859 507 2926 ἐν
535 2858 670 2940 algam
698 2865 901 2948 συμφωνίαν
926 2855 1079 2948 Ὀρφέως
1102 2855 1314 2948 Πυθαγόρου
1342 2859 1399 2923 καὶ

265 2961 451 3039 Πλάτωνος
474 2964 553 3050 περὶ
575 2961 617 3030 τὰ
639 2962 747 3050 λόγια,
773 2985 857 3050 quae
881 2985 900 3030 e
923 2963 1026 3030 Suida
1048 2963 1145 3030 etiam
1161 2965 1271 3030 Proolo
1287 2985 1318 3049 p.
1334 2965 1395 3028 366

264 3073 296 3133 el
318 3067 454 3152 Syriano
476 3088 508 3152 p.
527 3069 589 3132 389
613 3068 767 3152 adfinxit,
801 3068 955 3136 Characis
982 3067 1081 3134 vitam
1109 3067 1255 3135 eSuida
1279 3067 1398 3153 repeti-

263 3179 330 3254 tam
352 3171 562 3254 exornaverit,
589 3171 663 3238 seiri
686 3172 807 3256 nequit.

350 3376 391 3441 Hi
413 3383 488 3442 sunt
508 3377 579 3460 looi,
607 3379 723 3461 quibus
746 3377 891 3445 Endooia
912 3379 1072 3464 pleniores
1094 3397 1189 3461 quam
1214 3379 1333 3446 Snidas
1356 3380 1397 3446 de

266 3479 441 3546 litterarum
471 3479 666 3548 Gmeaarum
695 3481 828 3548 historia
856 3483 1056 3548 narrationes
1085 3503 1234 3550 servasse
1265 3483 1399 3568 quihus-

265 3583 339 3649 dam
362 3584 499 3650 videtur.
539 3585 726 3652 Leviorihus
749 3585 988 3668 additamentis,
1014 3587 1123 3670 qualia
1138 3593 1212 3652 sunt
1227 3588 1283 3652 καὶ
1300 3584 1395 3672 dila,

264 3685 357 3754 πάνυ
378 3688 486 3764 καλῶς
509 3689 642 3770 similia,
676 3689 804 3755 chartas
825 3689 994 3774 inquinare
1015 3690 1115 3755 nolui.
1161 3689 1317 3757 Effecisse
1339 3711 1400 3756 au-

263 3798 327 3860 tem
356 3791 413 3874 iis,
446 3813 529 3876 quae
563 3793 696 3876 protuli,
728 3793 807 3858 mihi
836 3792 948 3859 videor
975 3793 1138 3878 Hesychio
1164 3793 1292 3860 Milesio
1320 3793 1399 3860 nihil

262 3896 389 3961 omnino
412 3895 531 3962 dehere
553 3895 738 3976 falsarium,
770 3897 892 3980 aliquot
920 3897 999 3964 loeis
1020 3897 1130 3963 titulos
1153 3897 1322 3980 librorum,
1355 3897 1401 3962 si-

263 4019 343 4083 quos
357 3999 457 4082 novit,
476 3999 678 4084 adposuisse,
705 3999 894 4083 plerumque
909 3999 1111 4085 impudenter
1125 4000 1311 4066 ementitum
1327 4019 1400 4065 esse

263 4103 414 4178 librorum
448 4109 481 4168 et
512 4121 661 4170 numeros
695 4109 728 4169 et
760 4103 881 4168 titulos.
927 4103 1040 4186 Neque
1074 4123 1183 4169 verum
1218 4110 1276 4186 est,
1313 4103 1401 4185 qnod

263 4205 414 4272 Nitzsehe
437 4227 469 4292 p.
495 4209 536 4270 36
566 4225 703 4288 eumque
735 4212 863 4272 secutus
886 4205 985 4272 Flaeh
1009 4229 1041 4292 p.
1067 4211 1108 4271 46
1137 4205 1270 4272 meliora
1299 4205 1399 4271 inter—

265 4307 339 4378 dum
372 4315 498 4380 servata
525 4309 559 4378 in
589 4309 722 4378 violaria
752 4315 862 4378 extare
891 4309 1000 4382 dieum
1022 4329 1118 4398 quam
1140 4309 1228 4401 apud
1250 4307 1397 4380 Suidam.
