3266 4926
282 403 321 466 rs
718 445 759 452 -
808 409 894 491 [aaa]
941 445 984 453 -

366 594 401 658 P.
429 597 491 658 428
515 596 595 681 ιτιρὶ
618 596 819 663 Φιλιστίδου.
853 594 1004 684 γραφεὺς
1025 597 1064 662 A.
1091 597 1145 678 V,
1173 592 1322 683 γναφεὺς
1344 616 1417 661 cum

281 697 369 781 vulg.
388 698 551 764 Eudooiae
575 700 686 765 codex.
721 701 733 786 ΙΙ
764 701 887 767 Ibidem
903 703 982 788 περὶ
1000 700 1208 767 Φοινικίόοιι.
1233 704 1417 786 μισουμένη

280 802 319 865 A.
338 803 391 883 V‚,
418 801 621 885 μισούμενος
644 825 716 870 cnm
739 806 828 888 vulg.
855 805 1049 888 Eudociab.

367 907 456 973 Haec
478 915 552 974 sunt
575 909 654 974 vitia
676 910 858 975 communia
879 909 1041 975 Eudociae
1064 929 1135 974 oum
1159 907 1280 974 Suidae
1300 907 1419 974 veteri-

280 1011 341 1077 bus
370 1011 565 1078 editionibus
595 1013 733 1078 maxime
763 1014 953 1099 conspicua;
987 1019 1020 1078 et
1049 1033 1119 1078 eum
1143 1011 1417 1078 Mediolanensem

280 1136 343 1181 non
374 1135 469 1201 posse
501 1117 677 1201 excriptam
709 1135 781 1183 esse
804 1118 847 1183 ab
869 1117 1013 1183 Eudooia
1041 1137 1102 1182 nee
1123 1117 1320 1183 Basileensis
1346 1115 1417 1182 edi-

279 1220 375 1285 tionis
398 1220 640 1287 emendationes
662 1220 725 1286 nisi
747 1240 926 1306 perpaucas
948 1229 1096 1307 receptas
1125 1241 1198 1286 esse
1227 1220 1413 1299 viderimus,

281 1325 432 1390 Aldinam
456 1325 525 1391 eius
548 1325 667 1390 fontem
691 1345 764 1392 esse
788 1332 966 1392 statuamus
989 1345 1122 1392 necesse
1144 1331 1205 1392 est.
1245 1325 1330 1390 Vitia
1346 1345 1417 1389 curn

281 1430 427 1496 omnibns
456 1429 576 1494 Suidae
613 1430 703 1495 libris
740 1431 921 1496 communia
958 1451 1029 1496 cum
1059 1430 1223 1496 Suidaene
1250 1449 1292 1494 an
1322 1429 1418 1494 fontis

281 1533 345 1599 sint
365 1533 560 1616 ignoremus,
586 1533 706 1599 nullius
728 1533 771 1599 ed
793 1532 876 1599 hanc
899 1534 1117 1619 quaestionem
1141 1532 1327 1600 solvendam
1350 1553 1418 1596 mo-

281 1637 380 1704 menti
404 1645 488 1704 sunt.

368 1809 432 1876 Sed
462 1811 529 1877 alia
558 1811 716 1878 accedunt
746 1810 865 1876 Suidae
895 1812 936 1876 ab
958 1811 1104 1877 Eudocia
1133 1809 1270 1896 excripti
1297 1809 1417 1875 iudicia

281 1914 545 1980 luculentissima.
593 1917 676 1982 Nam
708 1935 778 1981 cum
806 1916 839 1981 in
869 1916 988 1982 maiore
1015 1923 1105 2000 parte
1136 1915 1272 1980 vitarum
1295 1912 1416 1978 Snidae

276 2019 368 2092 ,fonte
391 2031 574 2102 careamus,
607 2027 715 2086 tamen
745 2041 807 2086 non
837 2039 960 2104 paucae
990 2020 1064 2085 aliis
1091 2039 1109 2084 e
1132 2018 1274 2084 fontibus
1297 2017 1416 2102 petitae

281 2130 401 2188 extant.
443 2125 531 2204 Quas
554 2145 626 2190 cum
649 2123 792 2190 Eudocia
813 2145 877 2190 non
900 2144 971 2189 cunr
994 2123 1135 2189 lontibus
1158 2123 1238 2203 eius,
1264 2120 1323 2187 sed
1344 2140 1416 2184 curn

280 2228 352 2312 ipso
374 2229 430 2292 illo
453 2235 665 2312 congruentes
680 2227 842 2310 exhibeat,
868 2228 944 2310 quin
960 2247 1033 2292 eum
1048 2227 1153 2312 ipsum
1170 2225 1329 2311 expilant,
1356 2223 1418 2288 dn-

281 2332 376 2398 bitan'
397 2333 485 2398 nullo
507 2332 601 2398 modo
625 2338 739 2417 potest.
786 2333 902 2398 Testes
930 2331 1056 2416 profero
1079 2351 1136 2396 eas
1158 2332 1303 2414 glossas,
1334 2347 1416 2409 quas

281 2456 299 2500 e
315 2435 453 2501 Scholiis
468 2435 693 2521 Aristophanis
715 2456 735 2500 a
750 2435 851 2500 Suida
867 2436 986 2520 petitas
1000 2435 1042 2500 ab
1057 2435 1113 2499 illo
1128 2434 1246 2519 accipit
1259 2431 1413 2497 lludocirr.

368 2541 404 2603 P.
431 2543 493 2604 270
518 2536 728 2624 Κλειταγόρα
752 2577 792 2584 -
817 2537 853 2604 ἐν
868 2539 1048 2605 Δαναΐσιν.
1084 2538 1175 2603 Idem
1198 2537 1339 2602 eSchol.
1357 2537 1413 2598 Ar.

282 2643 416 2728 Lysistr.
447 2647 526 2708 1239
553 2649 756 2728 excerptum,
791 2642 876 2724 quod
899 2642 1017 2708 Suidas
1047 2641 1145 2708 hahet
1172 2641 1205 2706 in
1234 2660 1312 2706 voce
1336 2639 1412 2718 Κλ,

282 2748 345 2814 nisi
368 2767 469 2812 exeo
491 2747 557 2832 peti
580 2748 634 2812 vix
658 2747 771 2832 potuit.

367 2853 404 2916 P.
431 2855 492 2916 269
519 2847 762 2938 Κηφισόόημας
791 2889 831 2898 -
863 2850 1033 2936 Περικλεῖ.
1081 2849 1171 2915 Haec
1200 2847 1343 2913 Eudooia
1372 2845 1417 2910 erl

281 2959 412 3023 verbum
435 2955 616 3022 communia
637 2956 735 3022 habet
757 2976 828 3021 cum
844 2953 955 3038 Surda,
980 2953 1035 3036 qui
1058 2953 1105 3019 sie
1126 2953 1247 3040 pergit:
1274 2955 1419 3016 Σκυθῶν

282 3061 318 3124 di·
342 3059 462 3148 ἐρημία
484 3053 503 3146 λγ
528 3053 695 3146 ἀγριότιγς,
724 3051 740 3122 ό
765 3052 921 3143 ὄλεθρος.
958 3047 1136 3142 αὗταιγὰρ
1161 3054 1218 3120 ἐπὶ
1241 3061 1305 3120 τιῖικ
1328 3047 1419 3136 ἆμα-

283 3165 348 3242 ξῶγ
376 3169 540 3251 φέρονται
569 3161 600 3228 οἱ
626 3160 768 3228 Σκύθαι.
816 3161 913 3245 Atqui
942 3161 1024 3227 haec
1050 3181 1067 3226 e
1091 3160 1229 3226 Scholiis
1251 3159 1305 3224 Ar.
1331 3157 1414 3223 th.

282 3273 344 3334 703
361 3289 407 3352 sq.
435 3275 597 3336 mutuatur
612 3267 729 3333 Suidas
751 3267 820 3332 his:
847 3273 893 3352 cpi
915 3261 978 3351 γὰρ
1001 3262 1109 3341 elaris:
1136 3271 1182 3350 τῷ
1204 3259 1321 3350 τρόιτῳ
1345 3267 1418 3336 πῶς

282 3370 413 3438 δίκαιόν
443 3372 534 3439 ἐστιν
564 3365 670 3456 ἄνδρα
693 3367 901 3458 γεγηρακότα
925 3364 1290 3450 ἀντιτολιτευσάμενοκ
1312 3370 1419 3451 Περι-

282 3478 353 3542 κλεῖ
375 3472 631 3542 ἀπολείπεσθαι
653 3476 893 3557 συμπλακέντα
918 3468 1090 3561 ἀγριότητι
1111 3498 1141 3537 κ.
1161 3497 1190 3536 τ.
1209 3473 1239 3536 λ.
1268 3471 1357 3555 λέγει
1380 3469 1417 3533 dh

283 3576 454 3668 όγριότιγτι
478 3577 709 3668 Κιγιμισαόόμιμ
732 3585 779 3663 τῷ
801 3579 892 3663 λαλῴ
914 3575 1039 3664 ῥήτορι.
1075 3579 1135 3640 tor
1154 3571 1414 3664 Κιγφισόόιγμαςε

283 3675 381 3762 οὗτος
404 3683 537 3770 θρασὺς
559 3685 615 3749 καλ
639 3678 748 3760 δεινὸς
771 3677 859 3768 πρὸς
882 3678 942 3758 τὰς
964 3681 1071 3757 δίκας.
1095 3675 1279 3766 Ἀθηναῖος
1301 3677 1337 3742 δὲ
1361 3677 1419 3742 καὶ

283 3781 380 3867 οὗτος
402 3815 432 3854 κ.
452 3814 480 3853 τ.
500 3790 530 3853 λ.
570 3789 620 3854 Ita
641 3788 722 3853 haec
740 3787 869 3852 Scholia
890 3786 924 3850 in
938 3785 1163 3870 Aristophanis
1186 3782 1339 3849 codiceV
1360 3800 1420 3846 ex-

282 3901 362 3960 tant.
402 3895 429 3958 l]
451 3893 568 3977 quibus
590 3913 655 3974 qna
678 3891 758 3956 solet
780 3889 967 3974 stupiditate
990 3889 1132 3970 glossam
1148 3887 1266 3952 Suidas
1288 3905 1419 3951 consar-

249 4063 251 4070 ,
283 3998 417 4078 cinavit;
452 4017 535 4081 quae
564 3996 592 4061 si
621 3995 693 4080 ipsa
719 4000 794 4060 ante
824 3995 932 4058 oculos
961 3993 1127 4058 habuisset
1155 3991 1316 4070 Eudocia,
1348 3989 1420 4055 fieri

283 4103 371 4167 nullo
395 4101 487 4166 modo
511 4099 666 4186 potuisset
688 4103 723 4162 nt
745 4097 842 4182 plane
861 4097 975 4162 eadem
998 4103 1092 4179 atque
1109 4094 1226 4160 Suidas
1250 4093 1414 4159 scriberet.

353 4275 376 4338 *r
398 4275 526 4326 Ceterum
546 4272 686 4342 φίλαρχος
697 4265 870 4340 μισούμενος
885 4267 919 4326 ὡς
933 4265 1070 4334 ἀθὴκαιος
1083 4269 1171 4321 codex
1187 4265 1327 4320 lludociae
1339 4281 1421 4334 prue-

284 4360 346 4423 bet,
368 4360 395 4412 id
415 4359 488 4427 qnod
507 4355 613 4424 fugisse
633 4357 743 4410 videtur
761 4357 914 4410 Flaohium.
