3226 4932
617 455 661 465 -
708 419 795 502 [aas]
840 453 884 464 -
1281 421 1321 484 ev

183 606 248 673 Sed
278 605 374 672 valde
404 605 531 689 dubito,
565 625 641 671 num
671 605 906 688 Schneidcrus,
941 607 996 690 qui
1026 606 1120 674 huius
1151 606 1323 692 fragmenti

184 710 376 777 sententiam
400 729 440 774 ex
463 709 585 776 scholio
606 709 738 776 Pindari
761 717 793 776 et
814 731 855 777 ex
878 711 951 776 loco·
963 710 1067 776 Procli
1089 710 1132 775 ad
1146 709 1323 776 Hesiodum

182 813 314 896 egregie
336 812 548 892 combinavit,
574 813 679 899 ipsam
702 813 838 880 sormam
861 821 894 880 et
915 819 1052 879 metrum
1074 813 1247 899 genuinum
1271 833 1323 881 re-

180 917 328 982 stituerit.
376 917 537 1002 Rhythmo
560 916 667 982 dorico
689 917 805 984 melius
828 917 998 983 conveniat
1019 917 1096 984 hoc:

602 1020 609 1044 ¹
668 1037 801 1074 cmv.-
788 1021 1128 1074 'Lm--.wast
1144 1038 1204 1068 υ-

289 1134 402 1188 κεῖνον
424 1116 465 1188 οὗ
487 1121 547 1210 σὴς
570 1116 649 1188 ουδὲ
671 1125 723 1200 κὶς
746 1121 877 1204 δάπτει,
907 1124 909 1185 Ι
934 1127 1080 1210 βροτέαν
1103 1123 1139 1189 δὲ
1164 1128 1273 1211 φρένα

592 1225 773 1312 κάρτιστον
794 1188 944 1294 κτεάνων
966 1224 1147 1310 δάμναται.

270 1330 427 1414 Bergkius
452 1329 565 1395 iterum
589 1331 752 1416 epitritum
775 1339 985 1417 syncopatum
1009 1331 1173 1398 constituit
1195 1330 1233 1396 fr.
1262 1333 1323 1396 232

182 1435 350 1500 lectionem
373 1432 525 1498 traditam
549 1440 696 1499 secutus:

391 1537 869 1599 Η,κνωι-κΛν-..έκιμη

389 1637 427 1758 τὸ
451 1643 682 1725 πεπρωμένον
705 1633 745 1706 οὐ
769 1645 858 1725 πῦρ,
886 1633 926 1705 οὗ
950 1637 1105 1724 σιδάρῖον

386 1763 404 1796 t-
430 1763 454 1795 r..
474 1744 497 1789 -'
514 1765 537 1788 υ

390 1843 507 1933 σχήσει
530 1858 640 1928 τεῖχος

184 1949 248 2014 Sed
271 1949 335 2014 nisi
357 1970 428 2015 curn
452 1949 615 2016 Boeckhio
565 1946 755 2117 Wfftti‘m
776 1955 852 2014 aute
875 1946 913 2013 τό
937 1969 1056 2033 ponere
1080 1949 1247 2032 malueris,
1274 1949 1324 2015 di-

183 2069 287 2134 metiri
315 2069 484 2136 licebit:.
1264 2119 1270 2133 .
1291 2120 1319 2146 .,

181 2192 245 2254 quo
267 2172 352 2238 sacto
373 2172 458 2237 idem
482 2173 614 2238 schema
636 2172 850 2238 nanciscimur
873 2172 957 2256 quod
980 2173 1009 2238 P
1032 2174 1047 2238 1
1071 2179 1127 2238 str.
1146 2176 1175 2253 2,
1205 2175 1223 2236 2
1247 2193 1324 2238 con-

181 2275 354 2341 stituimus

269 2464 527 2548 Timocreon,
562 2465 589 2530 si
617 2485 658 2530 ex
689 2464 878 2548 fragmentis
907 2463 1060 2530 indicium
1085 2483 1211 2529 sumere
1233 2465 1319 2535 licet.

182 2587 294 2632 versus
324 2569 366 2632 ab
395 2568 460 2633 arsi
489 2567 682 2652 incipientes
704 2568 868 2653 praetulit.
915 2567 1087 2652 Epitritum
1110 2568 1322 2633 acatalectum

181 2670 453 2756 deprehendimus
475 2670 516 2736 fr.
543 2675 579 2736 3:

267 2760 966 2859 Δυυ..υυι,ι,’,ὶίρ...ὐ-υ.ὐὲρ

271 2871 354 2943 Or'or'
380 2871 446 2964 ἄρα
471 2882 668 2962 Τιμοκρέων
690 2883 816 2960 μοῦνος
840 2877 843 2962 Ι
869 2874 1043 2963 Μήδοισιν
1065 2870 1276 2962 ὡρκιατόμιι,

182 2982 239 3047 sed
263 3001 334 3048 cum
357 2988 493 3047 metmm
516 2980 611 3046 huius
635 2980 808 3064 fragmenti
829 2981 1034 3046 aPlutercho
1049 2981 1159 3046 auditi
1173 3001 1237 3046 non
1252 2999 1324 3045 cer-

181 3091 248 3150 tum
272 3085 322 3169 sit,
348 3085 552 3150 Hermannus
575 3083 830 3150 emendationem
853 3083 1029 3170 proposuit,
1055 3103 1119 3168 qua
1141 3091 1173 3149 et
1195 3089 1325 3148 senten-

181 3187 227 3253 tie
257 3195 289 3254 et
317 3193 454 3253 metrum
486 3186 681 3254 commodius
709 3186 913 3272 procederet,
946 3186 994 3251 ita
1017 3192 1051 3252 ut
1072 3187 1229 3253 insereret
1251 3205 1325 3270 pro-

181 3311 296 3357 nomen
320 3315 373 3367 09:

265 3391 963 3478 Lw-wr,Lv.--.'u-v.'.w!‚

271 3492 339 3564 Οὐκ
363 3493 429 3584 δρα
456 3502 651 3582 Τιμοκρέων
673 3503 799 3578 μοῦνος
822 3493 859 3572 ὃς
883 3493 1057 3582 Μήδοισιν
1079 3489 1290 3582 ὡρκιατόμει.

266 3653 532 3738 Lamprocles
558 3653 741 3736 exemplum
772 3651 893 3718 habere
923 3650 1051 3716 videtur
1080 3650 1226 3717 eiusdem
1249 3669 1322 3716 ver-

181 3775 272 3821 suum
289 3755 469 3832 divisionis
495 3775 592 3838 quarn
615 3774 713 3839 supra
734 3755 751 3838 ξ
770 3757 788 3818 6
812 3753 899 3821 0V1
915 3761 970 3819 str.
989 3759 1020 3838 4
1020 3755 1044 3818 ’5
1061 3755 1318 3820 observavimus:

265 3857 825 3910 έυυ-υυ--έυὺ-υυι,.’.
878 3857 1130 3918 υ...’.,,,Ι

268 3959 435 4028 Παλλάδα
459 3965 564 4048 περσέ
549 3961 678 4040 cnoro,
706 3957 821 4025 δεινὰν
843 3959 930 4025 θεὸν
953 3957 980 4024 έ
970 3957 1225 4045 ypaxvdocpovj
1258 3983 1322 4024 πο-

593 4060 761 4148 τικλῄζω.
784 4115 818 4126 ,.

267 4219 564 4304 Bacchylides,
591 4238 686 4302 qucm
709 4226 783 4286 aute
807 4219 1004 4286 Simonidem
1027 4219 1143 4300 affero,
1171 4218 1248 4302 quia
1269 4239 1322 4283 ar-

180 4325 244 4391 tius
266 4344 362 4408 qnam
386 4324 567 4390 avunculus
588 4322 728 4406 vestigia
743 4342 815 4388 curn
830 4323 965 4388 aliorum
981 4330 1148 4407 poetarum
1164 4329 1230 4388 tum
1247 4322 1322 4387 Pin-
