3238 4930
713 437 805 520 [2431
1284 442 1320 506 er

292 628 357 710 (Ad
374 627 554 712 Phyllidem
577 626 761 708 (Pillideuy
783 626 929 709 Phyllam
949 629 992 709 B)
1016 628 1056 694 de
1073 629 1124 693 die
1140 631 1254 696 natalie
1277 634 1325 696 eui

190 733 281 798 simul
300 741 332 798 et
348 731 524 796 Meoenatie
547 732 599 816 qui
623 739 691 795 erat
707 731 819 794 Idibus
835 731 999 816 Aprilibus
1024 734 1141 797 erotica
1156 736 1327 800 tetracolon

191 841 315 916 Arny).

293 939 375 1004 Sunt
398 944 483 1002 uerte
507 938 587 1002 hueo
609 939 749 1002 earmina
771 937 936 1002 amatoria.
981 937 1032 1002 De
1055 939 1272 1025 dittographia
1294 945 1326 1008 in

192 1043 259 1108 1111
284 1047 298 1107 l
326 1043 465 1124 (euetioe
489 1043 623 1122 erotjoo)
645 1042 685 1107 of.
709 1043 843 1108 euetiee.

345 1147 393 1227 X)
417 1145 785 1212 ENTHVSIASTIOE.

295 1250 327 1315 II
354 1253 411 1316 19:
436 1249 596 1314 Boeotium
620 1252 653 1313 in
675 1252 803 1333 remotis
827 1251 973 1314 earmina
997 1213 1128 1334 rupitne
1150 1259 1203 1316 ete.

295 1355 482 1436 (Entueiuoe
506 1353 614 1418 Liberi
637 1355 736 1438 patrie
760 1353 872 1420 laudes
894 1355 953 1426 Fi,
977 1355 1195 1420 Enthuoietioe
1219 1357 1259 1421 ad
1276 1358 1327 1422 Li·

195 1461 304 1524 berum
328 1465 449 1544 patrem
474 1459 515 1538 y).

295 1562 457 1626 Baoohum
486 1561 567 1626 iuter
597 1559 762 1644 Nymphas
793 1569 825 1624 et
856 1561 987 1646 Satyros
1021 1585 1056 1626 ee
1087 1563 1202 1627 vidisse
1232 1573 1327 1649 poeta

192 1667 284 1752 fingit
305 1687 343 1730 ae
364 1686 441 1730 vere
465 1665 681 1728 entlmeiuetioi
705 1665 735 1727 hi
760 1685 872 1729 versus
895 1673 985 1730 eunt:

441 1769 550 1833 Euhoe
572 1770 689 1832 recenti
711 1789 796 1832 mene
818 1769 957 1852 trepidat
980 1776 1072 1852 metu,

445 1872 601 1956 Plenaque
623 1871 745 1936 Boeoti
760 1879 885 1954 pectore
907 1871 1067 1936 turbidum

485 1976 652 2056 Laetetur,
676 1976 769 2040 enlroe
789 1997 896 2058 parce,
920 1975 1025 2058 Liber,

485 2079 599 2160 Peroe,
622 2081 717 2162 praei
738 2079 897 2142 metuende
920 2079 1051 2164 thyrso!

349 2183 420 2265 XI)
465 2181 806 2246 uvorrnmsrlou.

297 2287 313 2352 I
337 2289 396 2352 36:
420 2287 464 2350 Et
482 2274 555 2350 'ture
577 2293 605 2350 et
622 2285 740 2370 fidibus
762 2288 851 2349 ineat
873 2293 927 2352 ete.
1194 2370 1197 2377 Ι

298 2391 508 2471 (Euoarietioe
539 2389 578 2452 ad
610 2389 781 2453 Numidam
813 2391 949 2452 amioum
980 2389 1110 2454 Lamiae
1139 2389 1327 2455 redeuntem

194 2493 252 2576 Fr,
275 2494 493 2558 Euuharieliee
510 2493 643 2556 Lamiae
667 2491 826 2556 Numidae
848 2494 950 2557 amieo
967 2494 1108 2578 loquitur
1123 2494 1269 2558 redeunti
1286 2495 1328 2576 y).

297 2597 451 2664 Nimirum
470 2597 530 2660 hoo
546 2597 683 2660 carmine
699 2604 796 2680 poeta
818 2596 866 2660 die
887 2596 1071 2661 custodibus
1088 2599 1246 2682 Pomponi
1262 2597 1330 2664 Nu·

194 2702 298 2766 midae
322 2702 414 2765 amini
437 2702 556 2784 gratias
580 2702 631 2784 egi
654 2720 712 2784 pro
736 2701 841 2763 salute
865 2702 932 2764 eius
956 2701 1054 2780 iubet,
1088 2701 1141 2785 qui
1164 2723 1275 2786 roepee
1298 2703 1329 2767 iu

194 2805 329 2888 patriam
352 2803 494 2879 redierit,
518 2802 666 2886 idemque
689 2802 799 2885 epulas
823 2797 1049 2888 amieo'parat.

350 2906 430 2972 XII.
454 2903 553 2982 XIII)
597 2903 798 2968 evermu.
821 2905 1139 2970 Puosuvumuu.

299 3010 316 3072 I
340 3012 398 3074 30:
424 3007 449 3071 0
478 3007 591 3089 Venus,
615 3009 728 3091 repine
753 3007 847 3071 Cnidi
870 3009 1031 3092 Papirique
1054 3016 1109 3073 ete.

301 3113 429 3190 (Eutioe
454 3111 494 3174 ud
508 3110 667 3175 Venerem
692 3131 749 3194 pro
767 3111 893 3174 Glioera
910 3109 944 3192 (y
958 3111 1029 3174 edd.
1045 3112 1227 3194 meretrice)
1238 3111 1330 3195 my).
1425 3159 1437 3182 .

299 3217 315 3279 I
340 3219 398 3278 31:
421 3213 506 3294 Quid
529 3214 708 3278 dedicatum
725 3215 831 3296 poerit
851 3214 1028 3296 Apollinem
1051 3221 1105 3277 ele.

298 3317 425 3404 (Eutioe
456 3315 496 3380 ad
529 3317 710 3400 Apollinem
740 3317 800 3400 ipsi
828 3317 1007 3380 sacrificans
1034 3312 1329 3401 vitae'praeseutie

196 3429 313 3487 etatum
338 3421 397 3500 m,
422 3418 534 3483 Euticu
558 3419 598 3482 ad
621 3419 803 3504 Apollinem
827 3421 868 3501 y).

299 3527 315 3590 Ι
339 3529 397 3590 35:
423 3523 448 3589 Ο
471 3525 555 3606 dion,
577 3532 706 3609 protum
729 3545 808 3608 quoe
830 3525 915 3607 repis
937 3523 1071 3586 Antium
1093 3531 1148 3589 ete.

298 3630 502 3716 (Proeeutioe
524 3627 683 3692 fortunam
706 3629 834 3691 invocet
859 3647 940 3712 quae
965 3627 1078 3688 colitur
1096 3627 1184 3690 Antii
1207 3627 1302 3709 my).

300 3733 352 3797 III
379 3735 433 3795 18:
457 3729 580 3812 Fanne,
603 3730 815 3815 npmplrerum
831 3730 1017 3813 supientum
1041 3735 1166 3792 anuetor
1188 3735 1243 3796 ete.

304 3835 505 3917 (Proseutiee
530 3835 560 3896 in
585 3834 730 3897 Faunum
753 3832 849 3899 deum
873 3837 1031 3910 agrestem
1056 3831 1145 3912 my).

301 3937 372 4002 IIII
396 3940 432 4000 6:
456 3936 545 4016 Diae,
568 3957 657 4021 quern
677 3937 782 4020 proles
804 3933 923 4000 Nioben
946 3955 1082 4018 rnopnee
1103 3941 1157 4000 ete.

301 4042 476 4126 (Apollinis
506 4040 633 4103 leudem
657 4040 754 4102 refert
786 4039 969 4122 tApollinen
994 4039 1105 4103 laudat
1127 4039 1161 4122 p)
1185 4041 1335 4126 quoniam

199 4148 339 4211 servavit
356 4147 488 4210 Aenean
513 4153 677 4208 auctorem
702 4143 831 4226 originis
854 4143 1019 4206 Romanae
1042 4145 1225 4226 proseutiee
1240 4152 1336 4210 tetro-

198 4247 282 4313 ooloe
309 4247 433 4329 ΑΒλγ).

302 4349 372 4414 IIII
397 4353 432 4414 3:
458 4351 554 4430 Quem
579 4355 623 4428 tn,
641 4347 843 4432 Melpomene,
866 4348 957 4412 eernel
978 4355 1032 4412 ete.
