3274 4934
626 427 670 438 -
716 392 801 474 [rso]
848 429 891 438 -
1285 395 1326 456 43

187 592 338 647 συνεῖναι
369 577 404 645 δὲ
433 577 573 656 καὶτὰς
596 585 780 666 συναρχίας
806 578 877 664 [σάς
900 603 935 646 τε
960 579 1051 666 ίερας
1074 581 1131 644 καί
1146 578 1206 658 τὰς
1221 579 1324 667 δημο-

185 687 261 760 σίας
296 678 371 768 τ]ὰς
400 680 437 748 ἐν
464 688 503 766 τῇ
530 679 631 748 πόλει
661 683 718 748 καί
743 689 782 768 τῇ
812 680 951 770 χόρᾳὶ).
1004 683 1042 750 In
1072 683 1323 750 Antiochiae

186 787 229 854 ad
244 785 454 853 Maeandrum
478 785 617 851 nummis
640 790 805 872 συναρχίαι
821 787 1011 856 vocabulum
1036 793 1124 854 extat
1146 787 1207 852 hoc
1228 787 1324 854 modo

191 890 241 971 (cf.
267 889 404 956 lickbel.
430 889 470 954 D.
496 890 538 954 N.
563 889 595 954 Π
617 911 650 974 p.
677 892 771 972 elil:
799 887 962 956 Ἀττάλου
990 890 1042 956 rel
1065 894 1248 956 Παιωνίου·
1270 892 1321 957 rel

188 991 337 1069 Μύωνος
361 997 537 1078 συναρχία.
578 991 671 1071 Quod
693 992 870 1060 Eckhelius
891 993 937 1060 ita
958 995 1201 1078 interpretatur:
1231 987 1323 1058 ‘Mihi

184 1095 310 1162 videtur
331 1099 496 1180 συναρχίαι
512 1089 711 1177 Ἀντιοχέων
744 1095 925 1180 siguificare
955 1103 1054 1162 totum
1076 1096 1322 1180 magistratuum
1398 1127 1400 1132 ·

183 1199 366 1283 collegium,
385 1199 441 1281 qui
456 1198 726 1266 Antiochenorum
742 1219 809 1266 rem
824 1200 986 1282 publicam
1001 1219 1117 1266 rexere
1135 1207 1168 1266 et
1189 1220 1322 1284 quorum

183 1301 311 1368 decreto
334 1303 453 1386 signati
476 1302 605 1368 suntid
627 1321 731 1386 genus
754 1303 842 1367 numi
867 1352 874 1364 .
895 1351 902 1365 .
926 1353 931 1364 .
954 1353 961 1366 .
987 1323 1025 1368 ac
1055 1310 1122 1368 tum
1144 1302 1247 1368 additi
1263 1305 1321 1368 Aa

185 1406 286 1484 talos,
317 1406 492 1488 Paeonius,
526 1406 624 1490 Myon
653 1405 744 1471 aliud
774 1425 837 1472 uon
871 1412 960 1486 suut,
995 1427 1091 1488 quam
1114 1407 1321 1490 magistratus

184 1503 357 1594 eponymi'.
381 1510 473 1589 Quod
491 1511 605 1595 probat
618 1511 663 1576 Le
677 1508 742 1575 Bas
758 1509 811 1592 (ad
825 1511 891 1592 87),
906 1510 961 1593 qui
976 1531 1088 1595 parum
1106 1516 1180 1596 apte
1194 1511 1321 1596 Aphro-

182 1611 358 1679 disiensem
381 1617 573 1696 nummum²l
602 1623 775 1699 comparat,
803 1613 858 1678 ubi
879 1620 944 1680 est:
969 1607 1052 1677 Ἐπί
1067 1619 1133 1678 τῶν
1147 1607 1320 1698 ἀρχόντων

185 1717 264 1800 scuni
279 1718 470 1782 Μενεσθέα.
490 1717 607 1784 Contra
622 1717 766 1784 eiusdem
782 1717 910 1800 generis
933 1723 982 1784 est
1003 1717 1168 1801 inscriptio
1192 1719 1320 1802 Ancy-

185 1839 284 1884 raua
312 1821 355 1901 (O.
382 1821 408 1884 l.
435 1820 474 1886 G.
494 1821 542 1886 ΙΙΙ
563 1823 678 1903 4048);
707 1819 878 1886 Κλαυδίου
900 1815 1060 1903 Πρόκλου
1083 1823 1265 1904 συναρχίας
1288 1808 1317 1884 (l.

184 1921 342 2004 Equidem
358 1943 414 2008 pro
430 1930 515 1990 certo
538 1943 600 1990 non
623 1923 728 1989 habeo
751 1943 828 1988 num
850 1920 1008 1988 eiusmodi
1030 1921 1228 2005 marchias,
1248 1923 1320 2004 qui-

184 2024 243 2090 bus
266 2047 381 2092 nomeu
403 2027 539 2092 alicuius
561 2027 622 2092 viri
644 2025 784 2108 additur,
811 2025 943 2108 reliquis
964 2025 1031 2090 illis
1054 2024 1191 2090 conferri
1209 2026 1316 2107 lineat,

183 2129 333 2210 quoniam
356 2130 490 2214 cogitari
513 2136 619 2214 potest
640 2149 697 2195 eas
720 2130 814 2194 unius
837 2128 1045 2212 eiusdemque
1068 2129 1197 2213 collegii
1218 2128 1320 2194 homi-

184 2231 279 2296 nibus
306 2253 411 2317 neque
439 2253 515 2299 vero
544 2234 761 2318 compluribus
783 2233 1028 2316 magistratuum
1050 2232 1198 2315 collegiis
1220 2231 1315 2312 effici,

183 2335 452 2415 quemadmodum
482 2343 533 2403 est
554 2337 590 2402 (l.
617 2337 643 2402 Ι.
670 2336 712 2402 G:
739 2339 838 2402 ¹320:
870 2334 926 2400 διὰ
948 2339 1131 2420 ναυαρχίας
1170 2337 1225 2416 (sc.
1252 2359 1319 2419 yc-

184 2434 355 2522 ρόντων)
391 2445 449 2526 τῆς
473 2441 551 2525 περὶ
575 2437 723 2526 Μάρκον
747 2437 874 2504 Τάδιον
898 2435 1091 2518 Φιλόξενον.

271 2542 419 2608 Ceterum
447 2543 488 2609 de
520 2543 701 2629 synurcbiis
723 2543 915 2610 Foucartum
941 2543 992 2624 (ad
1009 2544 1094 2624 3512)
1122 2551 1207 2610 recte
1236 2542 1321 2608 iudi-

186 2663 261 2711 care
290 2666 479 2731 persuasum
502 2647 606 2714 habco
626 2648 686 2712 ita:
711 2640 920 2710 ‘L’eentcnne
940 2647 995 2709 das
1024 2649 1251 2729 συναρχίαι
1273 2655 1320 2710 est

183 2771 243 2814 nnc
265 2750 443 2814 restrictius
459 2757 479 2814 ὰ
494 2751 527 2816 lo
542 2749 733 2814 democratia
748 2758 778 2814 el
792 2771 852 2814 σασα
868 2749 1009 2814 meiere
1024 2756 1130 2812 contre
1145 2747 1319 2831 linfhsencc

184 2859 255 2934 trop
281 2854 401 2937 ρνσωᾱυ
428 2854 471 2917 dn
490 2853 604 2936 peccplc
626 2853 706 2917 dnm
727 2853 757 2916 le
778 2851 897 2916 comcs'l
917 2859 947 2914 αί
969 2851 1048 2915 dom
1068 2851 1314 2934 imaemblbc'³l.

182 2952 276 3031 Quod
291 2963 399 3022 autem
414 2955 560 3022 Blassius
575 2955 666 3021 tinulo
681 2955 800 3021 Lesbio
821 2955 912 3020 ninus
934 2961 967 3020 et
980 2953 1157 3038 Mytilenae
1178 2961 1211 3020 et
1233 2954 1317 3020 Pbo-

183 3076 299 3141 cacare,
335 3079 397 3142 quo
427 3066 569 3143 tompore
595 3059 700 3144 pactio
729 3059 812 3125 inter
845 3057 905 3124 bas
937 3058 1033 3122 nrbes
1055 3057 1142 3123 lucta
1164 3057 1221 3136 sit,
1258 3057 1319 3122 oli·

183 3110 348 3240 garchiam
370 3160 546 3228 obtinuisse
567 3162 757 3244 arbitratur,
788 3159 992 3245 Thucydidio
1014 3161 1100 3240 loco,
1133 3179 1154 3224 a
1182 3179 1244 3243 quo
1276 3159 1318 3224 ed

182 3269 282 3328 totam
305 3263 388 3330 hauc
410 3265 632 3347 quaestionem
663 3262 908 3350 disceptandam
932 3263 1068 3348 profecti
1088 3283 1216 3344 sumus,
1243 3283 1318 3347 pro-

182 3365 276 3431 batur
297 3367 393 3434 eliam
427 3367 461 3432 in
493 3368 671 3487 populari
663 3367 796 3453 1mperio
818 3387 882 3433 uon
903 3386 1065 3450 nunquam
1088 3385 1198 3432 omnes
1213 3367 1317 3450 magi-

181 3471 330 3535 stratus
322 3491 355 3534 m
377 3491 475 3536 unum
497 3471 590 3555 quasi
612 3471 814 3558 collegium
806 3491 839 3536 ru
862 3491 896 3536 rc
912 3476 999 3538 certa
1014 3470 1215 3536 consociatos
1231 3489 1315 3536 esse.

269 3608 479 3674 Revertamur
500 3629 585 3674 nunc
608 3607 652 3674 ad
673 3608 795 3674 Atticos
818 3607 955 3692 lapides.
1002 3607 1039 3672 ln
1068 3607 1196 3673 loedere
1219 3607 1319 3673 Athe-

183 3711 341 3777 niensium
380 3718 413 3777 et
447 3711 661 3777 Bottiaeorum
691 3711 750 3794 (Ol.
785 3715 835 3794 90)
892 3711 928 3778 O.
954 3711 979 3775 Ι.
1006 3711 1044 3775 A.
1071 3711 1086 3775 l
1115 3714 1184 3794 52⁴)
1218 3711 1258 3776 fr.
1284 3711 1315 3794 b,

252 3885 269 3946 ¹]
290 3883 376 3940 Addo
389 3883 420 3940 C.
435 3883 456 3937 I.
472 3884 505 3940 G.
520 3883 563 3939 111
576 3885 643 3940 aud.
653 3885 720 3936 4235
729 3885 757 3947 d,
772 3899 799 3936 v.
810 3885 855 3936 32:
880 3883 1034 3956 συναρχίας
1047 3883 1093 3936 καὶ
1106 3885 1161 3936 τῶν
1175 3879 1297 3936 ἄλλων..
1310 3927 1315 3936 .

184 3971 339 4040 {inscriptio
359 3971 471 4041 Lycia
489 3971 566 4026 urbis
585 3971 768 4034 Tloensium).

249 4057 267 4118 ²)
290 4057 381 4110 Rcuuc
399 4058 552 4111 nornimot.
569 4059 632 4108 1851
654 4074 680 4126 p.
697 4057 756 4108 237.

248 4143 268 4202 a)
288 4143 356 4212 Egit
381 4145 417 4199 (le
447 4143 604 4214 synnrchils
629 4144 714 4198 etiam
738 4141 890 4198 Vischerus
922 4144 1021 4197 Κίαυα
1052 4143 1192 4216 Scbn'ften
1217 4143 1242 4196 ll
1274 4147 1315 4195 ul.

180 4227 305 4284 Strictim
325 4231 422 4300 attigit
439 4231 553 4285 easdem
572 4229 807 4298 Ditteubergerus
825 4229 964 4284 Δναίιααοί.
981 4231 1093 4300 Ζοίίαυχ
1113 4233 1178 4284 1878
1197 4249 1224 4312 ρ..
1239 4235 1279 4283 ot.

245 4317 266 4378 ⁴)
287 4317 331 4371 De
350 4317 403 4372 boc
423 4317 506 4372 titulo
525 4315 560 4372 ci.
582 4316 655 4372 iufra
674 4333 700 4386 p.
723 4319 755 4368 52
774 4332 835 4387 sqq.
