3274 4934
745 410 958 468 -Ιθ-

283 595 519 681 expediendum
542 593 599 676 sit,
624 594 861 680 praescribitur.
902 599 1018 677 Στίχοι
1034 595 1119 661 enim
1140 615 1255 659 novem
1270 595 1420 660 carminis

284 719 396 765 versus
411 705 486 764 suut
497 719 669 780 eorumque
684 704 763 773 ναῦς
775 699 992 771 acrostichon:
1010 697 1147 786 γράμμα
1162 704 1271 763 autem
1282 699 1419 782 primum

284 803 360 886 quia
374 802 545 887 repetitum
564 807 613 867 est
628 795 805 880 εὐξύνετον
818 803 1009 867 nominatur.
1052 801 1254 868 Novenarius
1270 821 1421 867 numerus

283 907 391 973 verbis
414 904 610 989 ἰσαρίθμων
631 908 790 988 Πιέρισιν
812 906 1001 990 exprimitur
1028 906 1148 990 pariter
1173 911 1270 986 atquc
1295 905 1328 969 in
1351 905 1420 989 epi-

284 1015 460 1094 grammate
483 1009 624 1076 Kaibelii
646 1030 678 1073 n.
698 1011 775 1089 686,
802 1009 857 1074 ubi
880 1027 920 1073 cx
943 1009 1073 1075 editoris
1095 1007 1358 1092 interpretatione
1379 1007 1420 1073 de

286 1113 425 1178 carmine
441 1133 554 1178 novem
570 1131 719 1178 versuum
735 1118 768 1177 et
781 1112 852 1195 ipsc
867 1112 1071 1196 praedicatur
1258 1107 1261 1113 ’

407 1216 578 1301 Πιερίδων
602 1222 751 1281 Μουσῶν
774 1213 972 1300 ἰσαρίθμιός
996 1213 1088 1280 ἐστιν
1110 1208 1128 1279 ὁ
1151 1210 1291 1299 μάρτυς.

286 1321 433 1386 Ceterum
452 1320 518 1384 noti
538 1326 611 1384 runt
628 1339 740 1384 novem
758 1319 909 1384 Herodoti
932 1318 1004 1385 libri
1021 1319 1202 1402 pariterque
1214 1317 1384 1383 Aeschinis
1396 1321 1416 1398 ί)
1442 1335 1444 1342 ·

285 1424 442 1508 epistolae
466 1443 578 1488 novem
603 1425 774 1504 Musarum,
801 1422 945 1488 eiusdem
968 1420 1214 1487 assonationes
1237 1420 1419 1486 Gratiarum

286 1527 468 1592 nominibus
483 1525 662 1593 distinctae.
746 1597 753 1615 ρ

836 1678 871 1747 (i.

563 1802 599 1860 tiu
613 1802 705 1856 modia
718 1801 812 1856 tabula
825 1799 919 1855 intimo
932 1801 993 1856 loco
1006 1801 1144 1866 incisum).

350 1930 523 2008 Δίρκομαι
545 1917 692 2010 εὐχωλῆς
714 1919 966 2008 ττινατόιμρονος
990 1916 1125 2004 ἄνθεμα
1148 1919 1305 2006 τερπνόν,

289 2093 292 2099 Α
395 2027 571 2114 δέρκομαι,
598 2020 732 2112 εὐσεβίη
755 2019 786 2088 τ’
806 2019 846 2091 cii
867 2050 908 2107 με
932 2023 1198 2112 τιαρετρὸχασεν·

352 2126 436 2197 ἀνθ’
455 2120 500 2195 ὧν
522 2127 679 2216 τιμήεντα
703 2125 814 2210 λαχὼν
837 2122 974 2194 εὔελπιν
997 2127 1141 2194 ἔπαινον

395 2232 430 2299 ἐκ
454 2230 579 2320 φρενὸς
602 2226 762 2320 ἡμετέρης
784 2229 976 2318 γηθόσυνος
999 2229 1147 2314 κόμισαι.

287 2373 455 2457 »ltespicio
470 2370 643 2436 iucundum
658 2371 817 2454 ingeniosi
833 2370 900 2434 voti
920 2369 1098 2450 donarium,
1123 2370 1271 2454 respici0‚
1296 2391 1355 2436 nec
1370 2390 1421 2435 mc

286 2475 450 2561 praeteriit
461 2475 584 2560 pictas:
603 2495 660 2559 pro
675 2475 791 2556 quibus
807 2473 1009 2538 honorificam
1026 2473 1194 2556 bonaeque
1206 2473 1274 2556 spei
1291 2473 1419 2538 larrdcm

287 2579 423 2663 adeptus
438 2585 547 2643 nostra
562 2599 600 2643 ex
618 2575 775 2642 sententia
790 2578 894 2642 laetus
909 2576 1047 2662 accipe«

372 2681 451 2760 Quis
466 2682 547 2747 haee
561 2682 718 2763 loquatur,
734 2680 841 2746 verbis
857 2679 1018 2766 δέρκομαι
1034 2673 1169 2760 ἄνθεμα
1185 2679 1297 2744 relatis
1309 2678 1351 2744 ad
1364 2679 1423 2743 illa

287 2805 384 2870 supra
406 2788 438 2848 A
464 2787 555 2849 v.12
578 2785 718 2868 prolata:
762 2777 919 2865 ἀνάθεμα
943 2777 1087 2864 εὐμενῶς
1110 2776 1152 2858 ὡς
1177 2787 1344 2868 Κοίρανος
1367 2781 1422 2846 θέ-

287 2889 405 2974 δορκεν
432 2893 577 2972 apparet.
624 2891 794 2969 Κοίρανον
816 2886 901 2951 enim
928 2886 1032 2970 ipsum
1055 2886 1213 2952 Osiridcm
1241 2885 1305 2950 voti
1327 2905 1422 2969 prac-

287 2993 385 3058 mium
404 2991 465 3056 eibi
486 2991 675 3056 tribuentem
693 2997 801 3054 auctor
819 2989 921 3070 tingit.
961 2989 1062 3066 Quale
1079 2989 1213 3054 Osiridis
1234 3007 1421 3073 responsum

287 3098 454 3178 eleganter
493 3094 590 3159 medii
631 3093 750 3178 lapidis
786 3093 895 3157 infimo
933 3093 1001 3156 loco
1038 3093 1176 3178 positum
1215 3097 1273 3158 cst.
1331 3092 1423 3168 Quod

287 3207 393 3265 autern
416 3197 473 3263 tali
495 3198 589 3263 modo
619 3197 671 3262 dei
701 3197 803 3280 ipsius
832 3214 987 3280 responsa
1011 3195 1044 3259 in
1072 3195 1163 3260 titulo
1189 3201 1424 3280 praeoccupata

286 3303 542 3390 perscribuntur,
568 3301 642 3366 licet
657 3321 677 3365 a
693 3301 885 3367 Graecorum
916 3319 1002 3363 more
1024 3298 1212 3363 abhorreat:
1245 3305 1278 3362 at
1299 3299 1332 3362 in
1354 3299 1423 3383 cpi-

286 3406 474 3491 grammatis
497 3404 658 3489 aegyptiis
679 3404 819 3485 itemque
840 3402 873 3467 iu
888 3401 1106 3467 Hebraeorum
1123 3401 1257 3486 psalmis
1276 3401 1357 3466 nihil
1374 3408 1424 3467 est

287 3510 483 3588 sollemnius,
500 3529 594 3591 quam
607 3508 691 3590 quod
704 3506 783 3572 deus
796 3527 867 3572 cum
879 3505 1009 3570 homine
1025 3511 1176 3590 precante
1188 3505 1240 3569 vel
1254 3505 1424 3570 dedicante

287 3614 516 3679 sermocinatus
545 3611 755 3676 introducitur
773 3611 807 3692 ²).
856 3609 1005 3674 Ceterum
1036 3608 1270 3691 epigrammata
1305 3629 1424 3692 graeca

287 3717 451 3801 complura
471 3715 519 3780 ita
539 3716 723 3792 coniuncta,
749 3719 785 3777 ut
806 3714 942 3778 alterum
966 3713 1009 3777 ad
1035 3711 1170 3776 alterurn
1194 3719 1355 3794 tamquam
1372 3731 1422 3776 re-

288 3840 439 3904 sponsum
452 3827 484 3885 et
494 3818 637 3903 probatio
649 3817 810 3901 respiciat,
831 3816 960 3900 saepius
976 3821 1161 3899 comparent
1170 3819 1190 3897 ³)
1200 3865 1205 3876 .
1216 3851 1260 3862 -
1272 3815 1339 3880 V.2
1355 3837 1424 3877 ιτα-

363 3994 379 4047 ¹1
402 3990 482 4046 Phot.
497 3991 565 4046 bibl.
580 3990 642 4044 cod.
657 3989 730 4044 LXI.

360 4079 378 4142 ί)
399 4075 527 4132 Conferri
540 4077 635 4146 aliquo
648 4077 729 4130 modo
741 4081 836 4145 potest
848 4073 879 4130 G.
894 4075 916 4128 Ι.
932 4076 963 4129 L.
978 4073 1018 4128 VI
1031 4077 1077 4126 731
1093 4074 1127 4126 L.
1138 4073 1184 4126 Fi.
1195 4072 1362 4126 Hermudu'on
1374 4073 1423 4124 ίιοι

289 4165 357 4219 οιιἹιι
369 4165 569 4218 iubencularum
582 4163 662 4215 dedit.

354 4251 374 4314 ³]
395 4249 430 4305 ci.
440 4245 553 4304 Anthoi.
566 4248 623 4301 Pal.
637 4249 676 4302 lx
689 4265 714 4301 n.
727 4251 749 4308 5,
766 4253 789 4300 s,
808 4249 846 4307 17,
866 4247 905 4298 18.
921 4247 1065 4298 ast-389.
1093 4245 1226 4315 Stephani
1240 4245 1313 4300 tituli
1325 4245 1418 4314 graeci

286 4339 321 4403 V,
339 4343 377 4394 17.
404 4338 434 4392 (ί.
451 4337 472 4390 1.
487 4335 574 4392 L.·VI
587 4337 646 4390 520.
