3226 4932
309 407 349 467 rs
744 443 786 452 -
835 409 919 488 pacm
969 443 1008 452 -

311 593 446 675 gradum
469 593 731 677 significandum:
760 595 800 660 cf.
826 594 856 659 P
878 595 922 659 IV
941 597 1000 658 158
1025 593 1086 659 σὸν
1109 589 1218 671 άνθος
1240 589 1337 682 ἥβας,
1364 592 1457 661 ovl

315 701 373 761 105
389 689 505 778 ὕμνων
520 691 680 782 εὐτερπὲς
696 691 817 778 dodon,
843 695 918 764 011
934 703 973 762 55
991 691 1101 763 άνθεα
1117 703 1333 782 τεθρίππων,
1360 697 1387 764 0
1404 697 1457 762 IX

316 803 352 862 12
377 793 487 864 άνθεα
510 794 636 882 ὕμνων,
662 798 727 867 01
753 806 791 864 15
815 807 979 882 provocasse
1002 797 1039 866 ἐν
1062 795 1170 886 άώτῳ.

399 939 448 1018 22)
476 937 616 1002 N1X3
660 939 1335 988 Lw-w--.'.w-W--.¹.u!

441 1033 559 1121 ὄλβιον
581 1039 615 1117 ἐς
638 1045 795 1125 Χρομίον
817 1035 916 1124 δῶμ’.
964 1035 1040 1105 ἀλλ’
1067 1039 1178 1107 ἐπέων
1200 1039 1323 1125 γλσιὺν
1345 1035 1455 1124 ὕμνον

723 1143 904 1229 πράσσετε.

517 1248 565 1328 31,
593 1247 650 1328 ah,
678 1251 736 1334 tp,
764 1248 838 1330 abr,
868 1248 913 1312 ti.

397 1367 539 1434 offendit
561 1368 666 1434 exitus
688 1369 905 1453 imperfectus,
931 1388 993 1433 non
1017 1369 1111 1433 modo
1129 1369 1205 1452 quia
1219 1369 1334 1434 unicus
1350 1375 1400 1434 cst
1415 1368 1451 1432 in

312 1470 461 1552 carmine,
488 1471 665 1536 sedetiam
688 1472 764 1556 quia
785 1471 971 1536 inusitatam
994 1473 1139 1537 vocalem
1163 1471 1271 1537 habet.
1312 1471 1451 1536 Senten-

310 1573 385 1637 tiam
415 1593 491 1638 vcro
518 1575 674 1659 spectanti
705 1583 840 1659 apparet
869 1573 948 1640 satis
977 1574 1057 1640 mire
1089 1574 1208 1640 dictum
1239 1593 1312 1640 esse
1340 1567 1452 1655 ὕμνον

312 1671 493 1760 πράοσειν;
526 1697 601 1743 nam
633 1678 660 1744 si
689 1697 760 1743 cum
785 1675 953 1762 πράσσειν
980 1677 1077 1742 verbo
1107 1677 1310 1743 accusativus
1332 1677 1448 1742 obiecti

309 1778 528 1862 coniungitur,
559 1781 614 1864 qui
644 1781 832 1865 plerumque
862 1800 1036 1864 pronomen
1066 1787 1117 1846 est
1138 1781 1227 1846 velut
1249 1785 1299 1861 τί,
1332 1785 1444 1857 τοῦτο,

310 1881 360 1946 vel
385 1883 619 1948 substantivum
642 1885 795 1968 gencrale
818 1883 908 1949 velut
930 1881 1037 1968 ἔργον,
1065 1890 1217 1968 πρᾶγμα,
1243 1884 1271 1948 ἱε
1293 1901 1357 1947 non
1380 1883 1449 1966 sig-

309 1983 417 2049 nificat
437 1985 472 2050 id
495 1985 581 2068 quod
603 1986 697 2070 facio,
724 1985 782 2052 scd
803 1987 838 2051 id
860 1986 955 2070 quod,
981 1987 1034 2052 vol
1049 2007 1101 2052 me
1115 1986 1226 2069 invito,
1253 1985 1325 2050 finis
1347 1986 1449 2051 actio-

309 2087 359 2151 nis
387 2107 480 2153 meae
508 2095 573 2168 cst;
606 2089 654 2155 ita
675 2110 704 2154 e.
731 2110 763 2172 g.
789 2088 819 2153 P
841 2089 874 2152 II
896 2093 937 2152 40
967 2089 1007 2154 de
1036 2089 1146 2155 Ixione
1177 2088 1294 2154 dicitur
1324 2085 1383 2153 τὸν
1410 2087 1449 2152 δέ

308 2187 539 2273 τετράκναμον
561 2190 687 2276 ἔπραξε
710 2189 846 2276 δεσμόν,
871 2192 894 2256 i.
913 2212 941 2257 c.
967 2191 1058 2256 Ixion
1079 2193 1125 2257 ita
1147 2192 1224 2274 egit,
1250 2199 1286 2257 ut
1304 2191 1444 2272 [invitus]

310 2293 373 2358 sibi
394 2301 483 2360 rotae
505 2315 641 2380 poenam
665 2295 887 2361 conscisceret.
934 2293 1084 2377 Accedit,
1110 2295 1197 2378 quod
1218 2301 1291 2379 post
1311 2293 1449 2358 sormam

310 2395 490 2482 aprincato,
517 2397 632 2481 quibus
654 2399 766 2464 Musae
789 2398 1009 2483 appellantur,
1036 2397 1178 2464 subiecto
1200 2418 1263 2463 non
1286 2396 1450 2462 nominato

309 2501 350 2566 de
373 2501 522 2566 Chromio
551 2501 670 2566 victore
693 2501 774 2566 haec
797 2499 958 2565 dicuntur:
996 2550 1002 2563 .
1026 2549 1031 2562 .
1054 2550 1060 2563 .
1080 2498 1114 2576 ἐς
1137 2493 1228 2585 άρμο
1253 2494 1452 2580 ἀναβαίνων

314 2598 422 2669 αὐδάν
443 2601 589 2685 μανύει.
612 2653 646 2667 ..
695 2603 785 2682 Quae
808 2603 916 2669 omnia
937 2603 1114 2686 evitantur,
1148 2603 1177 2668 si
1199 2623 1256 2688 pro
1278 2599 1450 2686 πράσσετε

312 2707 480 2772 scribimus
503 2705 693 2792 πράσσεται
715 2707 890 2786 secundum
914 2705 1056 2772 codicem
1078 2705 1118 2788 D,
1150 2706 1240 2772 cuius
1268 2713 1377 2772 tamen
1407 2705 1451 2769 li-

310 2810 451 2874 brarium
473 2810 611 2876 itacismi
633 2829 738 2876 errore
760 2810 794 2874 in
816 2829 925 2874 veram
949 2808 1117 2874 lectionem
1140 2808 1281 2874 incidere
1304 2807 1451 2893 potuisse

311 2933 374 2978 non
390 2932 484 2996 nego.
524 2910 715 2997 πράσσεται
736 2919 843 2978 autem
858 2911 911 2976 hic
926 2911 1011 2977 idem
1028 2910 1188 2994 significat
1206 2917 1301 2994 atque
1317 2909 1343 2976 0
1359 2911 1390 2974 X
1407 2913 1451 2974 30

724 3067 729 3079 .
753 3066 759 3079 .
781 3065 787 3079 .
814 3009 857 3090 ὡς
879 3009 1019 3097 Αὐγέαν
1042 3011 1179 3098 λάτριον

560 3113 683 3185 άκονθ’
709 3115 793 3184 ἑκὼν
814 3115 944 3199 μισθὸν
964 3111 1131 3200 ὑπέρβιον

559 3220 747 3308 πράσσοιτο
774 3272 809 3286 ..

310 3325 331 3389 i.
358 3347 387 3391 c.
414 3333 449 3391 ut
475 3326 648 3410 (Hercules)
683 3325 793 3408 exigat
822 3325 862 3390 ab
885 3325 1000 3405 Augea
1029 3343 1239 3409 permagnum
1270 3321 1451 3406 praemium

310 3429 484 3495 servitutis.
531 3429 599 3494 Hoc
621 3449 697 3496 vcro
719 3429 788 3494 loco
811 3425 971 3494 sententia
993 3427 1073 3492 haec
1095 3433 1159 3492 est:
1195 3451 1207 3486 ι
1216 3425 1349 3506 Ibimus,
1375 3425 1452 3490 Mu-

309 3552 382 3614 sae,
415 3533 448 3598 in
478 3531 605 3597 domum
635 3531 827 3616 locupletem
851 3528 991 3596 Chromii
1021 3528 1065 3594 ad
1087 3527 1362 3610 commotionem,
1389 3529 1451 3594 sed

309 3634 411 3718 exigit
438 3637 467 3718 (a
488 3655 539 3700 me
561 3636 613 3700 vel
637 3635 779 3718 anobis)
808 3653 948 3714 carmen,
973 3633 1043 3698 vult
1065 3632 1148 3698 enim
1173 3631 1335 3697 victoriam
1356 3651 1450 3696 suam

309 3738 527 3804 renuntiare«
571 3738 706 3804 Videtur
728 3756 804 3821 ergo
827 3735 985 3801 Pindarus
1007 3735 1040 3800 in
1063 3736 1123 3802 hoc
1145 3755 1271 3819 quoquc
1294 3734 1448 3818 carmine,

311 3849 479 3926 postquam
502 3841 614 3906 victori
637 3860 701 3906 nou
724 3840 831 3906 statim
855 3838 997 3904 debitum
1021 3837 1133 3920 solvit,
1167 3837 1350 3904 admonitus
1376 3857 1452 3904 csse

311 3945 429 4026 debiti,
463 3945 641 4030 sicutipse
674 3942 714 4010 dc
737 3941 877 4009 carmine
900 3938 926 4006 0
949 3941 981 4006 X
1004 3947 1139 4006 testatur
1160 3961 1189 4004 v.
1219 3939 1365 4024 sycano
1387 3937 1452 4024 γὰρ

311 4043 402 4136 αὐτῷ
424 4047 525 4130 μέλος
548 4042 698 4134 ὀφείλων
721 4045 923 4111 dissiciendo.
