<?xml version="1.0" encoding="UTF-8"?>
<!DOCTYPE html PUBLIC "-//W3C//DTD XHTML 1.0 Transitional//EN"
    "http://www.w3.org/TR/xhtml1/DTD/xhtml1-transitional.dtd">
<html xmlns="http://www.w3.org/1999/xhtml" xml:lang="en" lang="en">
 <head>
  <title>
</title>
<meta http-equiv="Content-Type" content="text/html;charset=utf-8" />
  <meta name='ocr-system' content='tesseract 3.04.00' />
  <meta name='ocr-capabilities' content='ocr_page ocr_carea ocr_par ocr_line ocrx_word'/>
</head>
<body>
  <div class='ocr_page' id='page_1' title='image "./dissertationesp02stragoog_0096.png"; bbox 0 0 3244 4932; ppageno 0'>
   <div class='ocr_carea' id='block_1_1' title="bbox 651 471 865 534">
    <p class='ocr_par' dir='ltr' id='par_1_1' title="bbox 651 471 865 534">
     <span class='ocr_line' id='line_1_1' title="bbox 651 471 865 534; baseline 0.028 -20"><span class='ocrx_word' id='word_1_1' title='bbox 651 471 865 534; x_wconf 76' lang='grc'>..83-</span> 
     </span>
    </p>
   </div>
   <div class='ocr_carea' id='block_1_2' title="bbox 180 657 1332 3658">
    <p class='ocr_par' dir='ltr' id='par_1_2' title="bbox 189 657 1332 2100">
     <span class='ocr_line' id='line_1_2' title="bbox 295 657 1329 752; baseline 0.007 -28"><span class='ocrx_word' id='word_1_2' title='bbox 295 659 397 745; x_wconf 92' lang='lat' dir='ltr'>quue</span> <span class='ocrx_word' id='word_1_3' title='bbox 420 657 559 724; x_wconf 82' lang='lat' dir='ltr'>officium</span> <span class='ocrx_word' id='word_1_4' title='bbox 583 667 618 724; x_wconf 91' lang='lat' dir='ltr'>ut</span> <span class='ocrx_word' id='word_1_5' title='bbox 633 659 673 724; x_wconf 87' lang='lat' dir='ltr'>ad</span> <span class='ocrx_word' id='word_1_6' title='bbox 692 661 857 727; x_wconf 88' lang='lat' dir='ltr'>contiones</span> <span class='ocrx_word' id='word_1_7' title='bbox 882 661 1057 728; x_wconf 86' lang='lat' dir='ltr'>ordinariae</span> <span class='ocrx_word' id='word_1_8' title='bbox 1080 662 1136 748; x_wconf 84' lang='grc' dir='ltr'><strong><em>(σί.</em></strong></span> <span class='ocrx_word' id='word_1_9' title='bbox 1152 665 1285 752; x_wconf 84' lang='lat' dir='ltr'>Harp(</span> <span class='ocrx_word' id='word_1_10' title='bbox 1307 670 1329 752; x_wconf 84' lang='lat'>)‚</span> 
     </span>
     <span class='ocr_line' id='line_1_3' title="bbox 192 761 1330 854; baseline 0.007 -24"><span class='ocrx_word' id='word_1_11' title='bbox 192 766 272 832; x_wconf 84' lang='lat' dir='ltr'>Poll.</span> <span class='ocrx_word' id='word_1_12' title='bbox 285 761 347 848; x_wconf 75' lang='lat'>(2),</span> <span class='ocrx_word' id='word_1_13' title='bbox 359 763 453 828; x_wconf 90' lang='lat' dir='ltr'>Dem.</span> <span class='ocrx_word' id='word_1_14' title='bbox 463 763 549 830; x_wconf 88' lang='lat' dir='ltr'>XXI</span> <span class='ocrx_word' id='word_1_15' title='bbox 558 767 588 846; x_wconf 86' lang='lat'>8,</span> <span class='ocrx_word' id='word_1_16' title='bbox 601 763 722 830; x_wconf 87' lang='lat' dir='ltr'>XXIV</span> <span class='ocrx_word' id='word_1_17' title='bbox 734 767 786 841; x_wconf 79' lang='lat'>21,</span> <span class='ocrx_word' id='word_1_18' title='bbox 801 765 856 830; x_wconf 91' lang='lat' dir='ltr'>ubi</span> <span class='ocrx_word' id='word_1_19' title='bbox 871 765 939 831; x_wconf 87' lang='lat' dir='ltr'>dies</span> <span class='ocrx_word' id='word_1_20' title='bbox 952 769 1077 852; x_wconf 86' lang='lat' dir='ltr'>legibus</span> <span class='ocrx_word' id='word_1_21' title='bbox 1094 769 1242 836; x_wconf 85' lang='lat' dir='ltr'>definitus</span> <span class='ocrx_word' id='word_1_22' title='bbox 1258 775 1330 854; x_wconf 88' lang='lat' dir='ltr'>est),</span> 
     </span>
     <span class='ocr_line' id='line_1_4' title="bbox 191 867 1330 954; baseline 0.005 -20"><span class='ocrx_word' id='word_1_23' title='bbox 191 871 236 934; x_wconf 85' lang='lat' dir='ltr'>ita</span> <span class='ocrx_word' id='word_1_24' title='bbox 264 867 305 932; x_wconf 89' lang='lat' dir='ltr'>ad</span> <span class='ocrx_word' id='word_1_25' title='bbox 337 867 705 932; x_wconf 85' lang='lat' dir='ltr'>extraordinarias</span> <span class='ocrx_word' id='word_1_26' title='bbox 736 874 869 954; x_wconf 86' lang='lat' dir='ltr'>spectat.</span> <span class='ocrx_word' id='word_1_27' title='bbox 915 869 1008 942; x_wconf 87' lang='lat' dir='ltr'>Quod</span> <span class='ocrx_word' id='word_1_28' title='bbox 1032 877 1169 937; x_wconf 84' lang='lat' dir='ltr'>testatur</span> <span class='ocrx_word' id='word_1_29' title='bbox 1191 877 1330 940; x_wconf 88' lang='lat' dir='ltr'>narratio</span> 
     </span>
     <span class='ocr_line' id='line_1_5' title="bbox 190 963 1331 1058; baseline 0.011 -22"><span class='ocrx_word' id='word_1_30' title='bbox 190 972 284 1037; x_wconf 88' lang='lat' dir='ltr'>Dem.</span> <span class='ocrx_word' id='word_1_31' title='bbox 307 969 424 1036; x_wconf 88' lang='lat' dir='ltr'>XVIII</span> <span class='ocrx_word' id='word_1_32' title='bbox 440 973 518 1036; x_wconf 81' lang='lat'><strong>169:</strong></span> <span class='ocrx_word' id='word_1_33' title='bbox 539 969 666 1053; x_wconf 79' lang='grc' dir='ltr'><strong><em>Ἐσπίρα</em></strong></span> <span class='ocrx_word' id='word_1_34' title='bbox 687 971 743 1052; x_wconf 72' lang='grc' dir='ltr'>μὲν</span> <span class='ocrx_word' id='word_1_35' title='bbox 765 970 824 1055; x_wconf 76' lang='grc' dir='ltr'><strong><em>γὰρ</em></strong></span> <span class='ocrx_word' id='word_1_36' title='bbox 847 967 896 1056; x_wconf 80' lang='grc' dir='ltr'>ἦν,</span> <span class='ocrx_word' id='word_1_37' title='bbox 921 963 973 1056; x_wconf 79' lang='grc' dir='ltr'>ἧκε</span> <span class='ocrx_word' id='word_1_38' title='bbox 996 978 1024 1038; x_wconf 82' lang='lat' dir='ltr'>d&#39;</span> <span class='ocrx_word' id='word_1_39' title='bbox 1045 973 1200 1058; x_wconf 72' lang='grc' dir='ltr'>ἀγγέλλων</span> <span class='ocrx_word' id='word_1_40' title='bbox 1223 1007 1267 1058; x_wconf 88' lang='grc' dir='ltr'><strong><em>τις</em></strong></span> <span class='ocrx_word' id='word_1_41' title='bbox 1289 979 1331 1058; x_wconf 71' lang='grc' dir='ltr'><strong><em>ὡς</em></strong></span> 
     </span>
     <span class='ocr_line' id='line_1_6' title="bbox 192 1073 1331 1164; baseline 0.004 -22"><span class='ocrx_word' id='word_1_42' title='bbox 192 1075 262 1156; x_wconf 79' lang='grc' dir='ltr'><strong><em>τούς</em></strong></span> <span class='ocrx_word' id='word_1_43' title='bbox 284 1075 443 1159; x_wconf 81' lang='grc' dir='ltr'><strong><em>πρυτάνιις</em></strong></span> <span class='ocrx_word' id='word_1_44' title='bbox 465 1074 507 1154; x_wconf 83' lang='grc' dir='ltr'>σἰς</span> <span class='ocrx_word' id='word_1_45' title='bbox 524 1073 660 1140; x_wconf 69' lang='grc' dir='ltr'><strong><em>Ἐλάτεια</em></strong></span> <span class='ocrx_word' id='word_1_46' title='bbox 682 1078 887 1160; x_wconf 83' lang='grc' dir='ltr'><strong><em>κατείληπται.</em></strong></span> <span class='ocrx_word' id='word_1_47' title='bbox 930 1081 979 1142; x_wconf 86' lang='grc' dir='ltr'>καί</span> <span class='ocrx_word' id='word_1_48' title='bbox 1000 1075 1081 1158; x_wconf 83' lang='grc' dir='ltr'>μετοὶ</span> <span class='ocrx_word' id='word_1_49' title='bbox 1104 1085 1201 1144; x_wconf 82' lang='grc' dir='ltr'><strong><em>ταῦτα</em></strong></span> <span class='ocrx_word' id='word_1_50' title='bbox 1223 1082 1251 1147; x_wconf 81' lang='grc' dir='ltr'>οἱ</span> <span class='ocrx_word' id='word_1_51' title='bbox 1273 1083 1331 1164; x_wconf 78' lang='grc' dir='ltr'>μὲν</span> 
     </span>
     <span class='ocr_line' id='line_1_7' title="bbox 191 1179 1332 1271; baseline 0.004 -24"><span class='ocrx_word' id='word_1_52' title='bbox 191 1181 289 1261; x_wconf 71' lang='grc' dir='ltr'><strong><em>εὐθυς</em></strong></span> <span class='ocrx_word' id='word_1_53' title='bbox 318 1180 537 1259; x_wconf 74' lang='grc' dir='ltr'>ἐξαναστάντες</span> <span class='ocrx_word' id='word_1_54' title='bbox 565 1180 680 1262; x_wconf 72' lang='grc' dir='ltr'><strong><em>μιταξιλ</em></strong></span> <span class='ocrx_word' id='word_1_55' title='bbox 712 1184 898 1260; x_wconf 71' lang='grc' dir='ltr'>δειπνοῦντες</span> <span class='ocrx_word' id='word_1_56' title='bbox 929 1179 1001 1259; x_wconf 68' lang='grc' dir='ltr'><strong><em>τούς</em></strong></span> <span class='ocrx_word' id='word_1_57' title='bbox 1022 1181 1050 1246; x_wconf 84' lang='grc' dir='ltr'>τ’</span> <span class='ocrx_word' id='word_1_58' title='bbox 1072 1185 1104 1248; x_wconf 81' lang='grc' dir='ltr'>ἐκ</span> <span class='ocrx_word' id='word_1_59' title='bbox 1127 1191 1189 1248; x_wconf 78' lang='grc' dir='ltr'>τῶν</span> <span class='ocrx_word' id='word_1_60' title='bbox 1212 1194 1332 1271; x_wconf 79' lang='grc' dir='ltr'><strong><em>σκηνῶν</em></strong></span> 
     </span>
     <span class='ocr_line' id='line_1_8' title="bbox 192 1282 1330 1372; baseline 0.005 -23"><span class='ocrx_word' id='word_1_61' title='bbox 192 1292 256 1350; x_wconf 79' lang='grc' dir='ltr'>τῶν</span> <span class='ocrx_word' id='word_1_62' title='bbox 277 1284 354 1351; x_wconf 84' lang='grc' dir='ltr'><strong><em>κατὰ</em></strong></span> <span class='ocrx_word' id='word_1_63' title='bbox 378 1283 436 1372; x_wconf 76' lang='grc' dir='ltr'>τήν</span> <span class='ocrx_word' id='word_1_64' title='bbox 458 1283 575 1369; x_wconf 77' lang='grc' dir='ltr'><strong><em>α’γσροίν</em></strong></span> <span class='ocrx_word' id='word_1_65' title='bbox 596 1286 730 1368; x_wconf 77' lang='grc' dir='ltr'><strong><em>ἐξιῖργον</em></strong></span> <span class='ocrx_word' id='word_1_66' title='bbox 745 1289 793 1350; x_wconf 83' lang='grc' dir='ltr'>καί</span> <span class='ocrx_word' id='word_1_67' title='bbox 817 1282 856 1349; x_wconf 76' lang='grc' dir='ltr'>τοί</span> <span class='ocrx_word' id='word_1_68' title='bbox 879 1283 970 1368; x_wconf 75' lang='grc' dir='ltr'><strong><em>γέρρα</em></strong></span> <span class='ocrx_word' id='word_1_69' title='bbox 986 1288 1222 1372; x_wconf 70' lang='grc' dir='ltr'><strong><em>ἐνεπίμπρασαν,</em></strong></span> <span class='ocrx_word' id='word_1_70' title='bbox 1247 1290 1274 1356; x_wconf 83' lang='grc' dir='ltr'>οἱ</span> <span class='ocrx_word' id='word_1_71' title='bbox 1295 1291 1330 1355; x_wconf 64' lang='lat' dir='ltr'>de*</span> 
     </span>
     <span class='ocr_line' id='line_1_9' title="bbox 191 1385 1330 1474; baseline 0.004 -21"><span class='ocrx_word' id='word_1_72' title='bbox 191 1387 262 1468; x_wconf 77' lang='grc' dir='ltr'><strong><em>τούς</em></strong></span> <span class='ocrx_word' id='word_1_73' title='bbox 285 1385 473 1472; x_wconf 72' lang='grc' dir='ltr'><strong><em>στρατηγοίς</em></strong></span> <span class='ocrx_word' id='word_1_74' title='bbox 503 1386 732 1469; x_wconf 78' lang='grc' dir='ltr'><strong><em>μετεπίμποντσ</em></strong></span> <span class='ocrx_word' id='word_1_75' title='bbox 762 1391 812 1453; x_wconf 83' lang='grc' dir='ltr'>καί</span> <span class='ocrx_word' id='word_1_76' title='bbox 835 1385 887 1452; x_wconf 85' lang='grc' dir='ltr'>τὸν</span> <span class='ocrx_word' id='word_1_77' title='bbox 909 1387 1078 1474; x_wconf 76' lang='grc' dir='ltr'><strong><em>σαλπικτὴν</em></strong></span> <span class='ocrx_word' id='word_1_78' title='bbox 1100 1389 1234 1457; x_wconf 78' lang='grc' dir='ltr'><strong><em>ι’κσίλουν.</em></strong></span> <span class='ocrx_word' id='word_1_79' title='bbox 1279 1399 1330 1460; x_wconf 84' lang='grc' dir='ltr'>καί</span> 
     </span>
     <span class='ocr_line' id='line_1_10' title="bbox 193 1485 1328 1585; baseline 0.004 -27"><span class='ocrx_word' id='word_1_80' title='bbox 193 1492 329 1576; x_wconf 74' lang='grc' dir='ltr'><strong><em>θορύβου</em></strong></span> <span class='ocrx_word' id='word_1_81' title='bbox 361 1490 478 1576; x_wconf 68' lang='grc' dir='ltr'><strong><em>πλήρης</em></strong></span> <span class='ocrx_word' id='word_1_82' title='bbox 502 1485 541 1577; x_wconf 81' lang='grc' dir='ltr'>ἦν</span> <span class='ocrx_word' id='word_1_83' title='bbox 563 1491 583 1576; x_wconf 82' lang='grc' dir='ltr'><strong><em>η</em></strong></span> <span class='ocrx_word' id='word_1_84' title='bbox 607 1488 698 1568; x_wconf 88' lang='grc' dir='ltr'><strong><em>πίιλις.</em></strong></span> <span class='ocrx_word' id='word_1_85' title='bbox 745 1498 786 1580; x_wconf 78' lang='grc' dir='ltr'>τῇ</span> <span class='ocrx_word' id='word_1_86' title='bbox 808 1490 834 1556; x_wconf 85' lang='lat' dir='ltr'>d&#39;</span> <span class='ocrx_word' id='word_1_87' title='bbox 855 1489 1001 1582; x_wconf 74' lang='grc' dir='ltr'><strong><em>ὑστεραίᾳ</em></strong></span> <span class='ocrx_word' id='word_1_88' title='bbox 1029 1491 1094 1574; x_wconf 81' lang='grc' dir='ltr'><strong><em>ἅμα</em></strong></span> <span class='ocrx_word' id='word_1_89' title='bbox 1117 1501 1159 1584; x_wconf 74' lang='grc' dir='ltr'>τῇ</span> <span class='ocrx_word' id='word_1_90' title='bbox 1178 1493 1277 1585; x_wconf 73' lang='grc' dir='ltr'><strong><em>ἡμέρη</em></strong></span> <span class='ocrx_word' id='word_1_91' title='bbox 1301 1499 1328 1564; x_wconf 86' lang='grc' dir='ltr'>οἱ</span> 
     </span>
     <span class='ocr_line' id='line_1_11' title="bbox 189 1593 1329 1684; baseline 0.004 -23"><span class='ocrx_word' id='word_1_92' title='bbox 189 1598 246 1679; x_wconf 82' lang='grc' dir='ltr'>μὲν</span> <span class='ocrx_word' id='word_1_93' title='bbox 276 1593 434 1680; x_wconf 74' lang='grc' dir='ltr'><strong><em>πρυτάνεις</em></strong></span> <span class='ocrx_word' id='word_1_94' title='bbox 464 1594 523 1680; x_wconf 78' lang='grc' dir='ltr'><strong><em>την</em></strong></span> <span class='ocrx_word' id='word_1_95' title='bbox 550 1593 666 1680; x_wconf 70' lang='grc' dir='ltr'><strong><em>βουλήν</em></strong></span> <span class='ocrx_word' id='word_1_96' title='bbox 695 1595 821 1660; x_wconf 76' lang='grc' dir='ltr'><strong><em>ἐκάλουν</em></strong></span> <span class='ocrx_word' id='word_1_97' title='bbox 849 1597 891 1672; x_wconf 78' lang='grc' dir='ltr'><strong><em>εἷς</em></strong></span> <span class='ocrx_word' id='word_1_98' title='bbox 923 1593 958 1660; x_wconf 85' lang='grc' dir='ltr'>τὸ</span> <span class='ocrx_word' id='word_1_99' title='bbox 981 1597 1213 1684; x_wconf 70' lang='grc' dir='ltr'><strong><em>βουλευτήριον,</em></strong></span> <span class='ocrx_word' id='word_1_100' title='bbox 1242 1599 1329 1682; x_wconf 77' lang='grc' dir='ltr'><strong><em>ὑμεῖς</em></strong></span> 
     </span>
     <span class='ocr_line' id='line_1_12' title="bbox 191 1697 1329 1786; baseline 0.002 -18"><span class='ocrx_word' id='word_1_101' title='bbox 191 1700 219 1768; x_wconf 81' lang='lat' dir='ltr'>d&#39;</span> <span class='ocrx_word' id='word_1_102' title='bbox 234 1705 277 1780; x_wconf 80' lang='grc' dir='ltr'><strong><em>τίς</em></strong></span> <span class='ocrx_word' id='word_1_103' title='bbox 299 1699 355 1784; x_wconf 84' lang='grc' dir='ltr'>τήν</span> <span class='ocrx_word' id='word_1_104' title='bbox 377 1700 536 1784; x_wconf 72' lang='grc' dir='ltr'><strong><em>ἐκκλησίαν</em></strong></span> <span class='ocrx_word' id='word_1_105' title='bbox 553 1697 750 1782; x_wconf 70' lang='lat' dir='ltr'>investiendi,</span> <span class='ocrx_word' id='word_1_106' title='bbox 774 1703 823 1764; x_wconf 84' lang='grc' dir='ltr'>καί</span> <span class='ocrx_word' id='word_1_107' title='bbox 846 1707 916 1779; x_wconf 82' lang='grc' dir='ltr'><strong><em>πρίν</em></strong></span> <span class='ocrx_word' id='word_1_108' title='bbox 934 1701 1051 1784; x_wconf 78' lang='grc' dir='ltr'><strong><em>ἐκείνην</em></strong></span> <span class='ocrx_word' id='word_1_109' title='bbox 1070 1707 1257 1786; x_wconf 82' lang='grc' dir='ltr'><strong><em>χρηματίσαι</em></strong></span> <span class='ocrx_word' id='word_1_110' title='bbox 1280 1708 1329 1770; x_wconf 86' lang='grc' dir='ltr'>καί</span> 
     </span>
     <span class='ocr_line' id='line_1_13' title="bbox 191 1799 1329 1889; baseline 0.004 -21"><span class='ocrx_word' id='word_1_111' title='bbox 191 1811 410 1889; x_wconf 72' lang='grc' dir='ltr'><strong><em>προβουλεῦσαι</em></strong></span> <span class='ocrx_word' id='word_1_112' title='bbox 442 1807 501 1880; x_wconf 84' lang='grc' dir='ltr'><strong><em>σοῖς</em></strong></span> <span class='ocrx_word' id='word_1_113' title='bbox 531 1799 547 1866; x_wconf 83' lang='grc' dir='ltr'><strong>ὁ</strong></span> <span class='ocrx_word' id='word_1_114' title='bbox 571 1806 673 1886; x_wconf 73' lang='grc' dir='ltr'><strong><em>δῆμος</em></strong></span> <span class='ocrx_word' id='word_1_115' title='bbox 701 1799 766 1866; x_wconf 70' lang='lat' dir='ltr'>drus</span> <span class='ocrx_word' id='word_1_116' title='bbox 788 1807 911 1885; x_wconf 76' lang='grc' dir='ltr'><strong><em>καθῆτο</em></strong></span> <span class='ocrx_word' id='word_1_117' title='bbox 939 1802 996 1888; x_wconf 82' lang='lat' dir='ltr'>(cf.</span> <span class='ocrx_word' id='word_1_118' title='bbox 1026 1803 1120 1868; x_wconf 86' lang='lat' dir='ltr'>Dem.</span> <span class='ocrx_word' id='word_1_119' title='bbox 1142 1805 1227 1870; x_wconf 85' lang='grc' dir='ltr'>ΧΙΧ</span> <span class='ocrx_word' id='word_1_120' title='bbox 1242 1807 1329 1889; x_wconf 84' lang='grc'><strong>123).</strong></span> 
     </span>
     <span class='ocr_line' id='line_1_14' title="bbox 191 1906 1328 1995; baseline 0.004 -22"><span class='ocrx_word' id='word_1_121' title='bbox 191 1909 348 1974; x_wconf 83' lang='lat' dir='ltr'><strong>Nimirum</strong></span> <span class='ocrx_word' id='word_1_122' title='bbox 376 1907 628 1972; x_wconf 75' lang='lat' dir='ltr'>incendebantur</span> <span class='ocrx_word' id='word_1_123' title='bbox 657 1928 751 1972; x_wconf 87' lang='lat' dir='ltr'>casae</span> <span class='ocrx_word' id='word_1_124' title='bbox 780 1906 854 1972; x_wconf 85' lang='lat' dir='ltr'>illae</span> <span class='ocrx_word' id='word_1_125' title='bbox 883 1913 915 1972; x_wconf 88' lang='lat' dir='ltr'>et</span> <span class='ocrx_word' id='word_1_126' title='bbox 945 1909 1075 1975; x_wconf 86' lang='lat' dir='ltr'>tubicen</span> <span class='ocrx_word' id='word_1_127' title='bbox 1102 1910 1328 1995; x_wconf 81' lang='lat' dir='ltr'><strong>advocabatur,</strong></span> 
     </span>
     <span class='ocr_line' id='line_1_15' title="bbox 192 2011 1181 2100; baseline 0 -22"><span class='ocrx_word' id='word_1_128' title='bbox 192 2035 255 2100; x_wconf 89' lang='lat' dir='ltr'>quo</span> <span class='ocrx_word' id='word_1_129' title='bbox 278 2014 400 2099; x_wconf 89' lang='lat' dir='ltr'>populo</span> <span class='ocrx_word' id='word_1_130' title='bbox 423 2014 454 2077; x_wconf 90' lang='lat' dir='ltr'>in</span> <span class='ocrx_word' id='word_1_131' title='bbox 478 2011 647 2078; x_wconf 87' lang='lat' dir='ltr'>concdium</span> <span class='ocrx_word' id='word_1_132' title='bbox 670 2012 881 2078; x_wconf 81' lang='lat' dir='ltr'>conveniendi</span> <span class='ocrx_word' id='word_1_133' title='bbox 905 2012 997 2098; x_wconf 80' lang='lat' dir='ltr'>signa</span> <span class='ocrx_word' id='word_1_134' title='bbox 1020 2012 1181 2080; x_wconf 88' lang='lat' dir='ltr'>darentur.</span> 
     </span>
    </p>

    <p class='ocr_par' dir='ltr' id='par_1_3' title="bbox 180 2115 1329 3658">
     <span class='ocr_line' id='line_1_16' title="bbox 295 2115 1328 2206; baseline 0.001 -23"><span class='ocrx_word' id='word_1_135' title='bbox 295 2117 497 2206; x_wconf 77' lang='lat' dir='ltr'><strong>Quamquam</strong></span> <span class='ocrx_word' id='word_1_136' title='bbox 528 2139 569 2182; x_wconf 82' lang='lat' dir='ltr'>ex</span> <span class='ocrx_word' id='word_1_137' title='bbox 601 2115 715 2181; x_wconf 88' lang='lat' dir='ltr'>eodem</span> <span class='ocrx_word' id='word_1_138' title='bbox 737 2115 808 2181; x_wconf 88' lang='lat' dir='ltr'>loco</span> <span class='ocrx_word' id='word_1_139' title='bbox 833 2115 968 2200; x_wconf 81' lang='lat' dir='ltr'>adparet</span> <span class='ocrx_word' id='word_1_140' title='bbox 991 2138 1028 2182; x_wconf 89' lang='lat' dir='ltr'>ea</span> <span class='ocrx_word' id='word_1_141' title='bbox 1058 2125 1221 2203; x_wconf 75' lang='lat' dir='ltr'>potestate</span> <span class='ocrx_word' id='word_1_142' title='bbox 1253 2141 1328 2185; x_wconf 88' lang='lat' dir='ltr'>con·</span> 
     </span>
     <span class='ocr_line' id='line_1_17' title="bbox 190 2221 1327 2310; baseline 0.004 -26"><span class='ocrx_word' id='word_1_143' title='bbox 190 2221 309 2286; x_wconf 85' lang='lat' dir='ltr'>tionem</span> <span class='ocrx_word' id='word_1_144' title='bbox 343 2227 434 2286; x_wconf 84' lang='lat' dir='ltr'>extra</span> <span class='ocrx_word' id='word_1_145' title='bbox 465 2221 607 2286; x_wconf 81' lang='lat' dir='ltr'>ordinem</span> <span class='ocrx_word' id='word_1_146' title='bbox 632 2221 829 2285; x_wconf 86' lang='lat' dir='ltr'>convocandi</span> <span class='ocrx_word' id='word_1_147' title='bbox 855 2241 960 2306; x_wconf 87' lang='lat' dir='ltr'>neque</span> <span class='ocrx_word' id='word_1_148' title='bbox 989 2232 1225 2308; x_wconf 86' lang='lat' dir='ltr'>programmate</span> <span class='ocrx_word' id='word_1_149' title='bbox 1254 2245 1327 2310; x_wconf 91' lang='lat' dir='ltr'>pro·</span> 
     </span>
     <span class='ocr_line' id='line_1_18' title="bbox 189 2323 1325 2412; baseline 0.006 -24"><span class='ocrx_word' id='word_1_150' title='bbox 189 2326 294 2412; x_wconf 90' lang='lat' dir='ltr'>posito</span> <span class='ocrx_word' id='word_1_151' title='bbox 327 2346 432 2410; x_wconf 88' lang='lat' dir='ltr'>neque</span> <span class='ocrx_word' id='word_1_152' title='bbox 464 2325 607 2410; x_wconf 80' lang='lat' dir='ltr'>legitimo</span> <span class='ocrx_word' id='word_1_153' title='bbox 640 2323 778 2410; x_wconf 87' lang='lat' dir='ltr'>quinque</span> <span class='ocrx_word' id='word_1_154' title='bbox 802 2324 923 2390; x_wconf 86' lang='lat' dir='ltr'>dierum</span> <span class='ocrx_word' id='word_1_155' title='bbox 955 2326 1123 2392; x_wconf 83' lang='lat' dir='ltr'>intervallo</span> <span class='ocrx_word' id='word_1_156' title='bbox 1155 2328 1325 2394; x_wconf 85' lang='lat' dir='ltr'>observato</span> 
     </span>
     <span class='ocr_line' id='line_1_19' title="bbox 189 2428 1328 2516; baseline 0.004 -23"><span class='ocrx_word' id='word_1_157' title='bbox 189 2439 341 2516; x_wconf 82' lang='lat' dir='ltr'>prytanea</span> <span class='ocrx_word' id='word_1_158' title='bbox 375 2431 436 2495; x_wconf 87' lang='lat' dir='ltr'>nisi</span> <span class='ocrx_word' id='word_1_159' title='bbox 467 2430 499 2494; x_wconf 94' lang='lat' dir='ltr'>in</span> <span class='ocrx_word' id='word_1_160' title='bbox 534 2449 658 2494; x_wconf 90' lang='lat' dir='ltr'>summo</span> <span class='ocrx_word' id='word_1_161' title='bbox 691 2448 797 2494; x_wconf 88' lang='lat' dir='ltr'>rerum</span> <span class='ocrx_word' id='word_1_162' title='bbox 832 2428 1010 2494; x_wconf 87' lang='lat' dir='ltr'>discrimine</span> <span class='ocrx_word' id='word_1_163' title='bbox 1042 2451 1117 2496; x_wconf 91' lang='lat' dir='ltr'>usos</span> <span class='ocrx_word' id='word_1_164' title='bbox 1150 2453 1216 2497; x_wconf 91' lang='lat' dir='ltr'>non</span> <span class='ocrx_word' id='word_1_165' title='bbox 1249 2454 1328 2500; x_wconf 88' lang='lat' dir='ltr'>esse.</span> 
     </span>
     <span class='ocr_line' id='line_1_20' title="bbox 192 2531 1328 2620; baseline 0.004 -22"><span class='ocrx_word' id='word_1_166' title='bbox 192 2533 285 2608; x_wconf 86' lang='lat' dir='ltr'>Quod</span> <span class='ocrx_word' id='word_1_167' title='bbox 310 2541 417 2600; x_wconf 87' lang='lat' dir='ltr'>autem</span> <span class='ocrx_word' id='word_1_168' title='bbox 441 2532 638 2620; x_wconf 79' lang='lat' dir='ltr'>grammatici</span> <span class='ocrx_word' id='word_1_169' title='bbox 663 2533 743 2596; x_wconf 89' lang='lat' dir='ltr'>tales</span> <span class='ocrx_word' id='word_1_170' title='bbox 767 2531 931 2598; x_wconf 84' lang='lat' dir='ltr'>contiones</span> <span class='ocrx_word' id='word_1_171' title='bbox 955 2555 996 2597; x_wconf 86' lang='lat' dir='ltr'>ex</span> <span class='ocrx_word' id='word_1_172' title='bbox 1016 2533 1188 2620; x_wconf 84' lang='lat' dir='ltr'>impreviso</span> <span class='ocrx_word' id='word_1_173' title='bbox 1212 2557 1328 2602; x_wconf 90' lang='lat' dir='ltr'>convo·</span> 
     </span>
     <span class='ocr_line' id='line_1_21' title="bbox 190 2635 1329 2720; baseline 0.004 -18"><span class='ocrx_word' id='word_1_174' title='bbox 190 2646 279 2702; x_wconf 88' lang='lat' dir='ltr'>catas</span> <span class='ocrx_word' id='word_1_175' title='bbox 302 2639 388 2702; x_wconf 85' lang='lat' dir='ltr'>aclas</span> <span class='ocrx_word' id='word_1_176' title='bbox 411 2635 597 2720; x_wconf 77' lang='grc' dir='ltr'><strong><em>συγκλήτους</em></strong></span> <span class='ocrx_word' id='word_1_177' title='bbox 620 2635 774 2700; x_wconf 86' lang='lat' dir='ltr'>nominari</span> <span class='ocrx_word' id='word_1_178' title='bbox 797 2636 973 2718; x_wconf 79' lang='lat' dir='ltr'>statuunt1,</span> <span class='ocrx_word' id='word_1_179' title='bbox 1001 2659 1042 2702; x_wconf 86' lang='lat' dir='ltr'>ex</span> <span class='ocrx_word' id='word_1_180' title='bbox 1065 2639 1230 2704; x_wconf 89' lang='lat' dir='ltr'>titulorum</span> <span class='ocrx_word' id='word_1_181' title='bbox 1254 2661 1329 2706; x_wconf 88' lang='lat' dir='ltr'>auc·</span> 
     </span>
     <span class='ocr_line' id='line_1_22' title="bbox 190 2737 1329 2830; baseline 0.005 -26"><span class='ocrx_word' id='word_1_182' title='bbox 190 2741 321 2806; x_wconf 83' lang='lat' dir='ltr'>inritata</span> <span class='ocrx_word' id='word_1_183' title='bbox 335 2739 534 2807; x_wconf 79' lang='lat' dir='ltr'>refelluntur.</span> <span class='ocrx_word' id='word_1_184' title='bbox 564 2739 648 2805; x_wconf 89' lang='lat' dir='ltr'>Nam</span> <span class='ocrx_word' id='word_1_185' title='bbox 663 2737 882 2823; x_wconf 76' lang='grc' dir='ltr'><strong><em>σύγκλητος</em></strong></span> <span class='ocrx_word' id='word_1_186' title='bbox 897 2741 1037 2823; x_wconf 73' lang='grc' dir='ltr'><strong><em>ἐκκλησία</em></strong></span> <span class='ocrx_word' id='word_1_187' title='bbox 1053 2741 1220 2809; x_wconf 77' lang='lat' dir='ltr'>dicebatur</span> <span class='ocrx_word' id='word_1_188' title='bbox 1234 2767 1329 2830; x_wconf 87' lang='lat' dir='ltr'>quae·</span> 
     </span>
     <span class='ocr_line' id='line_1_23' title="bbox 192 2845 1327 2932; baseline 0.004 -23"><span class='ocrx_word' id='word_1_189' title='bbox 192 2867 316 2932; x_wconf 89' lang='lat' dir='ltr'>cunque</span> <span class='ocrx_word' id='word_1_190' title='bbox 346 2853 474 2932; x_wconf 88' lang='lat' dir='ltr'>praeter</span> <span class='ocrx_word' id='word_1_191' title='bbox 503 2852 655 2930; x_wconf 86' lang='lat' dir='ltr'>quattuor</span> <span class='ocrx_word' id='word_1_192' title='bbox 683 2845 753 2910; x_wconf 91' lang='lat' dir='ltr'>illas</span> <span class='ocrx_word' id='word_1_193' title='bbox 776 2845 953 2910; x_wconf 87' lang='lat' dir='ltr'>ordinarias</span> <span class='ocrx_word' id='word_1_194' title='bbox 983 2847 1147 2912; x_wconf 86' lang='lat' dir='ltr'>contiones</span> <span class='ocrx_word' id='word_1_195' title='bbox 1172 2869 1327 2914; x_wconf 84' lang='lat' dir='ltr'>convoca·</span> 
     </span>
     <span class='ocr_line' id='line_1_24' title="bbox 191 2949 1326 3038; baseline 0.005 -26"><span class='ocrx_word' id='word_1_196' title='bbox 191 2950 300 3014; x_wconf 85' lang='lat' dir='ltr'>batur:</span> <span class='ocrx_word' id='word_1_197' title='bbox 323 2951 414 3015; x_wconf 86' lang='lat' dir='ltr'>cuius</span> <span class='ocrx_word' id='word_1_198' title='bbox 435 2949 562 3035; x_wconf 84' lang='lat' dir='ltr'>generis</span> <span class='ocrx_word' id='word_1_199' title='bbox 585 2949 752 3014; x_wconf 89' lang='lat' dir='ltr'>contiones</span> <span class='ocrx_word' id='word_1_200' title='bbox 776 2949 904 3016; x_wconf 87' lang='lat' dir='ltr'>omnino</span> <span class='ocrx_word' id='word_1_201' title='bbox 927 2971 1015 3016; x_wconf 89' lang='lat' dir='ltr'>raras</span> <span class='ocrx_word' id='word_1_202' title='bbox 1031 2950 1130 3016; x_wconf 85' lang='lat' dir='ltr'>fuisse</span> <span class='ocrx_word' id='word_1_203' title='bbox 1145 2959 1243 3038; x_wconf 84' lang='lat' dir='ltr'>atque</span> <span class='ocrx_word' id='word_1_204' title='bbox 1266 2954 1326 3018; x_wconf 89' lang='lat' dir='ltr'>nisi</span> 
     </span>
     <span class='ocr_line' id='line_1_25' title="bbox 191 3051 1327 3140; baseline 0.005 -24"><span class='ocrx_word' id='word_1_205' title='bbox 191 3055 365 3119; x_wconf 83' lang='lat' dir='ltr'>necessitas</span> <span class='ocrx_word' id='word_1_206' title='bbox 388 3053 463 3118; x_wconf 88' lang='lat' dir='ltr'>belli</span> <span class='ocrx_word' id='word_1_207' title='bbox 485 3053 633 3140; x_wconf 82' lang='lat' dir='ltr'>instaret,</span> <span class='ocrx_word' id='word_1_208' title='bbox 662 3051 731 3116; x_wconf 84' lang='lat' dir='ltr'>iere</span> <span class='ocrx_word' id='word_1_209' title='bbox 753 3073 817 3118; x_wconf 87' lang='lat' dir='ltr'>noa</span> <span class='ocrx_word' id='word_1_210' title='bbox 840 3075 882 3120; x_wconf 82' lang='lat' dir='ltr'>cx</span> <span class='ocrx_word' id='word_1_211' title='bbox 905 3060 1077 3140; x_wconf 86' lang='lat' dir='ltr'>prytsnum</span> <span class='ocrx_word' id='word_1_212' title='bbox 1099 3055 1247 3138; x_wconf 88' lang='lat' dir='ltr'>arbitrio,</span> <span class='ocrx_word' id='word_1_213' title='bbox 1270 3057 1327 3122; x_wconf 84' lang='lat' dir='ltr'>sed</span> 
     </span>
     <span class='ocr_line' id='line_1_26' title="bbox 192 3156 1329 3244; baseline 0.003 -21"><span class='ocrx_word' id='word_1_214' title='bbox 192 3159 301 3243; x_wconf 88' lang='lat' dir='ltr'>populi</span> <span class='ocrx_word' id='word_1_215' title='bbox 331 3159 436 3240; x_wconf 89' lang='lat' dir='ltr'>iussu,</span> <span class='ocrx_word' id='word_1_216' title='bbox 470 3157 638 3242; x_wconf 84' lang='lat' dir='ltr'>rogatione</span> <span class='ocrx_word' id='word_1_217' title='bbox 669 3177 709 3222; x_wconf 88' lang='lat' dir='ltr'>ea</span> <span class='ocrx_word' id='word_1_218' title='bbox 738 3156 777 3222; x_wconf 90' lang='lat' dir='ltr'>de</span> <span class='ocrx_word' id='word_1_219' title='bbox 810 3177 844 3220; x_wconf 90' lang='lat' dir='ltr'>re</span> <span class='ocrx_word' id='word_1_220' title='bbox 874 3158 905 3222; x_wconf 90' lang='lat' dir='ltr'>in</span> <span class='ocrx_word' id='word_1_221' title='bbox 936 3159 1071 3224; x_wconf 85' lang='lat' dir='ltr'>ecclesia</span> <span class='ocrx_word' id='word_1_222' title='bbox 1100 3160 1265 3244; x_wconf 88' lang='lat' dir='ltr'>proposita</span> <span class='ocrx_word' id='word_1_223' title='bbox 1295 3167 1329 3226; x_wconf 90' lang='lat' dir='ltr'>et</span> 
     </span>
     <span class='ocr_line' id='line_1_27' title="bbox 180 3260 1327 3348; baseline 0.003 -22"><span class='ocrx_word' id='word_1_224' title='bbox 180 3260 322 3348; x_wconf 78' lang='lat' dir='ltr'>&#39;accepta</span> <span class='ocrx_word' id='word_1_225' title='bbox 343 3261 504 3328; x_wconf 84' lang='lat' dir='ltr'>institutas</span> <span class='ocrx_word' id='word_1_226' title='bbox 530 3281 600 3326; x_wconf 88' lang='lat' dir='ltr'>csse</span> <span class='ocrx_word' id='word_1_227' title='bbox 622 3260 696 3326; x_wconf 88' lang='lat' dir='ltr'>inde</span> <span class='ocrx_word' id='word_1_228' title='bbox 719 3261 866 3342; x_wconf 85' lang='lat' dir='ltr'>efficitur,</span> <span class='ocrx_word' id='word_1_229' title='bbox 889 3261 975 3347; x_wconf 89' lang='lat' dir='ltr'>quod</span> <span class='ocrx_word' id='word_1_230' title='bbox 998 3263 1029 3327; x_wconf 92' lang='lat' dir='ltr'>in</span> <span class='ocrx_word' id='word_1_231' title='bbox 1050 3264 1249 3348; x_wconf 82' lang='lat' dir='ltr'>paucissimis</span> <span class='ocrx_word' id='word_1_232' title='bbox 1273 3263 1327 3330; x_wconf 90' lang='lat' dir='ltr'>de·</span> 
     </span>
     <span class='ocr_line' id='line_1_28' title="bbox 192 3364 1328 3453; baseline 0.003 -23"><span class='ocrx_word' id='word_1_233' title='bbox 192 3367 285 3432; x_wconf 80' lang='lat' dir='ltr'>cretis</span> <span class='ocrx_word' id='word_1_234' title='bbox 308 3387 392 3451; x_wconf 90' lang='lat' dir='ltr'>quae</span> <span class='ocrx_word' id='word_1_235' title='bbox 415 3366 447 3430; x_wconf 91' lang='lat' dir='ltr'>in</span> <span class='ocrx_word' id='word_1_236' title='bbox 471 3365 620 3430; x_wconf 89' lang='lat' dir='ltr'>contione</span> <span class='ocrx_word' id='word_1_237' title='bbox 643 3364 896 3429; x_wconf 86' lang='lat' dir='ltr'>extraordinaria</span> <span class='ocrx_word' id='word_1_238' title='bbox 917 3365 1002 3430; x_wconf 81' lang='lat' dir='ltr'>iacta</span> <span class='ocrx_word' id='word_1_239' title='bbox 1029 3373 1104 3432; x_wconf 87' lang='lat' dir='ltr'>sunt</span> <span class='ocrx_word' id='word_1_240' title='bbox 1122 3369 1328 3453; x_wconf 86' lang='lat' dir='ltr'>praescriptis</span> 
     </span>
     <span class='ocr_line' id='line_1_29' title="bbox 192 3465 1328 3553; baseline 0 -18"><span class='ocrx_word' id='word_1_241' title='bbox 192 3469 267 3535; x_wconf 89' lang='lat' dir='ltr'>addi</span> <span class='ocrx_word' id='word_1_242' title='bbox 295 3470 377 3534; x_wconf 89' lang='lat' dir='ltr'>solet</span> <span class='ocrx_word' id='word_1_243' title='bbox 407 3465 553 3553; x_wconf 75' lang='grc' dir='ltr'><strong><em>ἐκκλησία</em></strong></span> <span class='ocrx_word' id='word_1_244' title='bbox 585 3465 754 3553; x_wconf 73' lang='grc' dir='ltr'><strong><em>σύγκλητος</em></strong></span> <span class='ocrx_word' id='word_1_245' title='bbox 783 3466 850 3552; x_wconf 85' lang='lat' dir='ltr'>(vel</span> <span class='ocrx_word' id='word_1_246' title='bbox 880 3469 997 3533; x_wconf 88' lang='lat' dir='ltr'>omisso</span> <span class='ocrx_word' id='word_1_247' title='bbox 1027 3467 1215 3553; x_wconf 76' lang='grc' dir='ltr'><strong><em>σύγκλητος]</em></strong></span> <span class='ocrx_word' id='word_1_248' title='bbox 1250 3468 1328 3535; x_wconf 75' lang='lat' dir='ltr'>sard</span> 
     </span>
     <span class='ocr_line' id='line_1_30' title="bbox 189 3568 1329 3658; baseline -0.002 -20"><span class='ocrx_word' id='word_1_249' title='bbox 189 3571 341 3658; x_wconf 74' lang='grc' dir='ltr'><strong><em>ψήφισμα</em></strong></span> <span class='ocrx_word' id='word_1_250' title='bbox 362 3569 380 3636; x_wconf 80' lang='lat' dir='ltr'>d</span> <span class='ocrx_word' id='word_1_251' title='bbox 403 3571 419 3635; x_wconf 75' lang='lat' dir='ltr'>i&gt;</span> <span class='ocrx_word' id='word_1_252' title='bbox 441 3577 526 3637; x_wconf 80' lang='grc' dir='ltr'><strong><em>ιλέἴνα</em></strong></span> <span class='ocrx_word' id='word_1_253' title='bbox 549 3568 649 3647; x_wconf 67' lang='lat' dir='ltr'>elusa:</span> <span class='ocrx_word' id='word_1_254' title='bbox 679 3571 721 3636; x_wconf 84' lang='lat' dir='ltr'>cf.</span> <span class='ocrx_word' id='word_1_255' title='bbox 753 3571 901 3656; x_wconf 79' lang='lat' dir='ltr'>exempla</span> <span class='ocrx_word' id='word_1_256' title='bbox 922 3591 952 3655; x_wconf 88' lang='lat' dir='ltr'>p.</span> <span class='ocrx_word' id='word_1_257' title='bbox 976 3571 1021 3652; x_wconf 82' lang='lat'>5).</span> <span class='ocrx_word' id='word_1_258' title='bbox 1066 3571 1137 3646; x_wconf 83' lang='lat' dir='ltr'>Quo</span> <span class='ocrx_word' id='word_1_259' title='bbox 1168 3572 1329 3656; x_wconf 77' lang='lat' dir='ltr'>pertinent</span> 
     </span>
    </p>
   </div>
   <div class='ocr_carea' id='block_1_3' title="bbox 187 3725 1328 4495">
    <p class='ocr_par' dir='ltr' id='par_1_4' title="bbox 187 3725 1328 4495">
     <span class='ocr_line' id='line_1_31' title="bbox 293 3725 1327 3800; baseline 0.002 -20"><span class='ocrx_word' id='word_1_260' title='bbox 293 3729 302 3765; x_wconf 86' lang='lat'><strong>¹</strong></span> <span class='ocrx_word' id='word_1_261' title='bbox 326 3727 399 3781; x_wconf 83' lang='lat' dir='ltr'><strong>Poll·</strong></span> <span class='ocrx_word' id='word_1_262' title='bbox 416 3727 487 3781; x_wconf 80' lang='lat' dir='ltr'>VIII</span> <span class='ocrx_word' id='word_1_263' title='bbox 502 3725 565 3781; x_wconf 74' lang='lat' dir='ltr'><strong>llss:</strong></span> <span class='ocrx_word' id='word_1_264' title='bbox 596 3726 728 3800; x_wconf 78' lang='grc' dir='ltr'><strong><em>σῦγκλητος</em></strong></span> <span class='ocrx_word' id='word_1_265' title='bbox 753 3727 865 3795; x_wconf 77' lang='grc' dir='ltr'><strong><em>ίκκλησία</em></strong></span> <span class='ocrx_word' id='word_1_266' title='bbox 889 3727 920 3795; x_wconf 71' lang='grc' dir='ltr'><strong><em>ηἰι</em></strong></span> <span class='ocrx_word' id='word_1_267' title='bbox 950 3727 1062 3794; x_wconf 82' lang='grc' dir='ltr'><strong><em>ίξαίηννης</em></strong></span> <span class='ocrx_word' id='word_1_268' title='bbox 1088 3727 1191 3780; x_wconf 70' lang='grc' dir='ltr'><strong><em>ἕποίοιιν</em></strong></span> <span class='ocrx_word' id='word_1_269' title='bbox 1213 3733 1327 3796; x_wconf 75' lang='grc' dir='ltr'><strong><em>μείζονος</em></strong></span> 
     </span>
     <span class='ocr_line' id='line_1_32' title="bbox 187 3812 1327 3890; baseline -0.002 -20"><span class='ocrx_word' id='word_1_270' title='bbox 187 3825 269 3890; x_wconf 72' lang='grc' dir='ltr'><strong><em>χροίας</em></strong></span> <span class='ocrx_word' id='word_1_271' title='bbox 293 3815 464 3882; x_wconf 78' lang='grc' dir='ltr'><strong><em>ίπιλαβοιίσης.</em></strong></span> <span class='ocrx_word' id='word_1_272' title='bbox 500 3817 611 3869; x_wconf 68' lang='lat' dir='ltr'>insitire</span> <span class='ocrx_word' id='word_1_273' title='bbox 635 3816 665 3867; x_wconf 77' lang='lat' dir='ltr'>di</span> <span class='ocrx_word' id='word_1_274' title='bbox 683 3819 722 3867; x_wconf 78' lang='grc' dir='ltr'>καλ</span> <span class='ocrx_word' id='word_1_275' title='bbox 748 3819 909 3880; x_wconf 84' lang='grc' dir='ltr'><strong><em>κατακλησίο,</em></strong></span> <span class='ocrx_word' id='word_1_276' title='bbox 934 3815 974 3866; x_wconf 79' lang='grc' dir='ltr'>ὅτι</span> <span class='ocrx_word' id='word_1_277' title='bbox 993 3820 1032 3866; x_wconf 78' lang='grc' dir='ltr'>καλ</span> <span class='ocrx_word' id='word_1_278' title='bbox 1052 3812 1111 3875; x_wconf 73' lang='grc' dir='ltr'><strong><em>τούς</em></strong></span> <span class='ocrx_word' id='word_1_279' title='bbox 1128 3815 1155 3867; x_wconf 69' lang='grc' dir='ltr'>ἔκ</span> <span class='ocrx_word' id='word_1_280' title='bbox 1172 3813 1225 3867; x_wconf 68' lang='lat' dir='ltr'>scir</span> <span class='ocrx_word' id='word_1_281' title='bbox 1242 3815 1327 3887; x_wconf 72' lang='grc' dir='ltr'><strong><em>α’γροῖκ</em></strong></span> 
     </span>
     <span class='ocr_line' id='line_1_33' title="bbox 189 3886 1328 3971; baseline -0.001 -14"><span class='ocrx_word' id='word_1_282' title='bbox 189 3901 348 3957; x_wconf 73' lang='grc' dir='ltr'><strong><em>κστικοίλονν·</em></strong></span> <span class='ocrx_word' id='word_1_283' title='bbox 388 3902 480 3954; x_wconf 82' lang='lat' dir='ltr'>Schol.</span> <span class='ocrx_word' id='word_1_284' title='bbox 504 3886 537 3954; x_wconf 66' lang='lat' dir='ltr'>ad</span> <span class='ocrx_word' id='word_1_285' title='bbox 564 3901 661 3953; x_wconf 71' lang='lat' dir='ltr'>dasch.</span> <span class='ocrx_word' id='word_1_286' title='bbox 688 3898 786 3966; x_wconf 76' lang='lat'><em>(1172)</em></span> <span class='ocrx_word' id='word_1_287' title='bbox 811 3917 836 3969; x_wconf 83' lang='lat' dir='ltr'>p.</span> <span class='ocrx_word' id='word_1_288' title='bbox 856 3899 920 3962; x_wconf 72' lang='grc' dir='ltr'>ῦῦαι</span> <span class='ocrx_word' id='word_1_289' title='bbox 945 3898 1034 3952; x_wconf 82' lang='lat' dir='ltr'>Dind:</span> <span class='ocrx_word' id='word_1_290' title='bbox 1058 3897 1192 3971; x_wconf 77' lang='grc' dir='ltr'><strong><em>σιλγκλητος</em></strong></span> <span class='ocrx_word' id='word_1_291' title='bbox 1215 3903 1328 3970; x_wconf 82' lang='grc' dir='ltr'><strong><em>ίκιιληυίσ</em></strong></span> 
     </span>
     <span class='ocr_line' id='line_1_34' title="bbox 189 3974 1328 4058; baseline 0 -18"><span class='ocrx_word' id='word_1_292' title='bbox 189 3991 300 4043; x_wconf 70' lang='lat' dir='ltr'>insitire</span> <span class='ocrx_word' id='word_1_293' title='bbox 326 3986 341 4058; x_wconf 75' lang='grc' dir='ltr'><em>ἤ</em></span> <span class='ocrx_word' id='word_1_294' title='bbox 362 3987 398 4056; x_wconf 80' lang='grc' dir='ltr'><strong><em>μη“</em></strong></span> <span class='ocrx_word' id='word_1_295' title='bbox 423 3987 486 4040; x_wconf 74' lang='lat' dir='ltr'>nard</span> <span class='ocrx_word' id='word_1_296' title='bbox 511 3985 558 4040; x_wconf 77' lang='grc' dir='ltr'>τίν</span> <span class='ocrx_word' id='word_1_297' title='bbox 583 3987 662 4054; x_wconf 77' lang='grc' dir='ltr'><strong><em>νόμον</em></strong></span> <span class='ocrx_word' id='word_1_298' title='bbox 684 3988 750 4056; x_wconf 74' lang='grc' dir='ltr'><strong><em>μηδὲ</em></strong></span> <span class='ocrx_word' id='word_1_299' title='bbox 774 3985 838 4040; x_wconf 62' lang='lat' dir='ltr'>aava*</span> <span class='ocrx_word' id='word_1_300' title='bbox 862 3984 893 4039; x_wconf 77' lang='grc' dir='ltr'>τὸ</span> <span class='ocrx_word' id='word_1_301' title='bbox 911 3990 971 4047; x_wconf 67' lang='grc' dir='ltr'><strong><em>ἔθος</em></strong></span> <span class='ocrx_word' id='word_1_302' title='bbox 989 3993 1120 4057; x_wconf 86' lang='grc' dir='ltr'><strong><em>γινσμίνη,</em></strong></span> <span class='ocrx_word' id='word_1_303' title='bbox 1145 3985 1207 4039; x_wconf 67' lang='grc' dir='ltr'><strong><em>ἄλλο’</em></strong></span> <span class='ocrx_word' id='word_1_304' title='bbox 1232 3988 1259 4042; x_wconf 73' lang='lat' dir='ltr'>da</span> <span class='ocrx_word' id='word_1_305' title='bbox 1280 3974 1328 4041; x_wconf 75' lang='lat' dir='ltr'>rod</span> 
     </span>
     <span class='ocr_line' id='line_1_35' title="bbox 189 4069 1328 4148; baseline -0.004 -18"><span class='ocrx_word' id='word_1_306' title='bbox 189 4075 341 4148; x_wconf 72' lang='grc' dir='ltr'><strong><em>παραχρῆμα</em></strong></span> <span class='ocrx_word' id='word_1_307' title='bbox 358 4081 399 4128; x_wconf 74' lang='grc' dir='ltr'>καὶ</span> <span class='ocrx_word' id='word_1_308' title='bbox 418 4073 482 4127; x_wconf 73' lang='lat' dir='ltr'>saed</span> <span class='ocrx_word' id='word_1_309' title='bbox 497 4082 585 4146; x_wconf 75' lang='grc' dir='ltr'><strong><em>χρείαν</em></strong></span> <span class='ocrx_word' id='word_1_310' title='bbox 603 4073 667 4133; x_wconf 72' lang='lat' dir='ltr'>rard,</span> <span class='ocrx_word' id='word_1_311' title='bbox 686 4069 741 4126; x_wconf 76' lang='grc' dir='ltr'><strong><em>οἷον</em></strong></span> <span class='ocrx_word' id='word_1_312' title='bbox 764 4081 786 4126; x_wconf 83' lang='grc' dir='ltr'>τί</span> <span class='ocrx_word' id='word_1_313' title='bbox 804 4096 827 4126; x_wconf 89' lang='grc' dir='ltr'>τι</span> <span class='ocrx_word' id='word_1_314' title='bbox 846 4075 959 4140; x_wconf 76' lang='grc' dir='ltr'><strong><em>ίξσίφνης</em></strong></span> <span class='ocrx_word' id='word_1_315' title='bbox 979 4077 1152 4134; x_wconf 76' lang='grc' dir='ltr'><strong><em>κπιπιίξειιν.</em></strong></span> <span class='ocrx_word' id='word_1_316' title='bbox 1171 4071 1200 4124; x_wconf 84' lang='grc' dir='ltr'>Β,</span> <span class='ocrx_word' id='word_1_317' title='bbox 1237 4073 1328 4126; x_wconf 82' lang='lat' dir='ltr'>Schol.</span> 
     </span>
     <span class='ocr_line' id='line_1_36' title="bbox 190 4157 1328 4230; baseline -0.004 -14"><span class='ocrx_word' id='word_1_318' title='bbox 190 4163 224 4216; x_wconf 77' lang='lat' dir='ltr'>ad</span> <span class='ocrx_word' id='word_1_319' title='bbox 243 4163 320 4215; x_wconf 74' lang='lat' dir='ltr'><strong>Dum.</strong></span> <span class='ocrx_word' id='word_1_320' title='bbox 338 4158 418 4226; x_wconf 79' lang='lat' dir='ltr'>(XIX</span> <span class='ocrx_word' id='word_1_321' title='bbox 435 4159 494 4226; x_wconf 67' lang='lat'><strong>193)</strong></span> <span class='ocrx_word' id='word_1_322' title='bbox 513 4178 539 4228; x_wconf 81' lang='lat' dir='ltr'>p·</span> <span class='ocrx_word' id='word_1_323' title='bbox 558 4159 642 4226; x_wconf 75' lang='grc' dir='ltr'>39Ἱ,1ί</span> <span class='ocrx_word' id='word_1_324' title='bbox 660 4159 749 4212; x_wconf 72' lang='lat' dir='ltr'>Dind:</span> <span class='ocrx_word' id='word_1_325' title='bbox 767 4158 902 4230; x_wconf 77' lang='grc' dir='ltr'><strong><em>σίγκλητσς</em></strong></span> <span class='ocrx_word' id='word_1_326' title='bbox 919 4161 1030 4226; x_wconf 68' lang='grc' dir='ltr'><strong><em>ἐκκλησία</em></strong></span> <span class='ocrx_word' id='word_1_327' title='bbox 1049 4157 1064 4228; x_wconf 70' lang='grc' dir='ltr'>ηι</span> <span class='ocrx_word' id='word_1_328' title='bbox 1082 4168 1196 4230; x_wconf 80' lang='grc' dir='ltr'><strong><em>γινομίκη</em></strong></span> <span class='ocrx_word' id='word_1_329' title='bbox 1214 4157 1328 4227; x_wconf 73' lang='grc' dir='ltr'><strong><em>ὶξσίφνης</em></strong></span> 
     </span>
     <span class='ocr_line' id='line_1_37' title="bbox 189 4233 1328 4319; baseline -0.004 -15"><span class='ocrx_word' id='word_1_330' title='bbox 189 4250 230 4304; x_wconf 76' lang='lat' dir='ltr'>dui</span> <span class='ocrx_word' id='word_1_331' title='bbox 248 4248 279 4302; x_wconf 72' lang='lat' dir='ltr'>ro&#39;</span> <span class='ocrx_word' id='word_1_332' title='bbox 298 4255 455 4319; x_wconf 82' lang='grc' dir='ltr'><strong><em>κστιποῖγοκ.</em></strong></span> <span class='ocrx_word' id='word_1_333' title='bbox 475 4247 506 4300; x_wconf 85' lang='grc' dir='ltr'>Β.</span> <span class='ocrx_word' id='word_1_334' title='bbox 515 4247 549 4300; x_wconf 84' lang='lat' dir='ltr'>Y·</span> <span class='ocrx_word' id='word_1_335' title='bbox 577 4245 711 4319; x_wconf 71' lang='grc' dir='ltr'><strong><em>σύγκλητος</em></strong></span> <span class='ocrx_word' id='word_1_336' title='bbox 728 4245 840 4314; x_wconf 81' lang='grc' dir='ltr'><strong><em>τίικλησία</em></strong></span> <span class='ocrx_word' id='word_1_337' title='bbox 854 4233 956 4313; x_wconf 68' lang='grc' dir='ltr'><strong><em>ίιτλὴθη,</em></strong></span> <span class='ocrx_word' id='word_1_338' title='bbox 974 4245 1062 4314; x_wconf 64' lang='lat' dir='ltr'>iussis}</span> <span class='ocrx_word' id='word_1_339' title='bbox 1081 4245 1108 4300; x_wconf 76' lang='grc' dir='ltr'>ἓν</span> <span class='ocrx_word' id='word_1_340' title='bbox 1123 4253 1172 4314; x_wconf 71' lang='lat' dir='ltr'>pir</span> <span class='ocrx_word' id='word_1_341' title='bbox 1189 4255 1243 4308; x_wconf 80' lang='grc' dir='ltr'><strong><em>ταῖς</em></strong></span> <span class='ocrx_word' id='word_1_342' title='bbox 1260 4247 1328 4311; x_wconf 88' lang='grc' dir='ltr'><strong><em>(τοῖς</em></strong></span> 
     </span>
     <span class='ocr_line' id='line_1_38' title="bbox 190 4331 1328 4404; baseline -0.003 -15"><span class='ocrx_word' id='word_1_343' title='bbox 190 4334 280 4404; x_wconf 79' lang='lat' dir='ltr'>codd.)</span> <span class='ocrx_word' id='word_1_344' title='bbox 307 4345 421 4404; x_wconf 77' lang='grc' dir='ltr'><strong><em>νομίμως</em></strong></span> <span class='ocrx_word' id='word_1_345' title='bbox 448 4341 487 4389; x_wconf 80' lang='grc' dir='ltr'>καί</span> <span class='ocrx_word' id='word_1_346' title='bbox 514 4332 647 4402; x_wconf 71' lang='grc' dir='ltr'><strong><em>σονὴθεσιν</em></strong></span> <span class='ocrx_word' id='word_1_347' title='bbox 674 4332 719 4402; x_wconf 66' lang='grc' dir='ltr'>ἐφ’</span> <span class='ocrx_word' id='word_1_348' title='bbox 746 4333 836 4386; x_wconf 71' lang='lat' dir='ltr'>devrad</span> <span class='ocrx_word' id='word_1_349' title='bbox 860 4331 874 4387; x_wconf 76' lang='grc' dir='ltr'><em>ὃ</em></span> <span class='ocrx_word' id='word_1_350' title='bbox 900 4334 979 4402; x_wconf 71' lang='grc' dir='ltr'><strong><em>δῆμος</em></strong></span> <span class='ocrx_word' id='word_1_351' title='bbox 997 4342 1148 4404; x_wconf 77' lang='grc' dir='ltr'><strong><em>συνίτριχτκ·</em></strong></span> <span class='ocrx_word' id='word_1_352' title='bbox 1175 4337 1237 4386; x_wconf 80' lang='grc' dir='ltr'><strong><em>ὅταν</em></strong></span> <span class='ocrx_word' id='word_1_353' title='bbox 1256 4334 1283 4387; x_wconf 73' lang='grc' dir='ltr'>δὲ</span> <span class='ocrx_word' id='word_1_354' title='bbox 1302 4333 1328 4396; x_wconf 73' lang='grc' dir='ltr'>ἕξ</span> 
     </span>
     <span class='ocr_line' id='line_1_39' title="bbox 189 4418 1189 4495; baseline -0.005 -19"><span class='ocrx_word' id='word_1_355' title='bbox 189 4423 295 4495; x_wconf 81' lang='grc' dir='ltr'><strong><em>οίνιίγκης</em></strong></span> <span class='ocrx_word' id='word_1_356' title='bbox 313 4421 382 4481; x_wconf 78' lang='grc' dir='ltr'><strong><em>τινός</em></strong></span> <span class='ocrx_word' id='word_1_357' title='bbox 399 4419 514 4494; x_wconf 82' lang='grc' dir='ltr'><strong><em>σίλλογος</em></strong></span> <span class='ocrx_word' id='word_1_358' title='bbox 531 4428 638 4494; x_wconf 82' lang='grc' dir='ltr'><strong><em>γίνηται,</em></strong></span> <span class='ocrx_word' id='word_1_359' title='bbox 656 4420 800 4492; x_wconf 76' lang='grc' dir='ltr'><strong><em>συγκαλοῦσι</em></strong></span> <span class='ocrx_word' id='word_1_360' title='bbox 819 4426 883 4476; x_wconf 68' lang='grc' dir='ltr'><strong><em>τινὸς</em></strong></span> <span class='ocrx_word' id='word_1_361' title='bbox 900 4418 1043 4488; x_wconf 73' lang='grc' dir='ltr'><strong><em>περιιόντες.</em></strong></span> <span class='ocrx_word' id='word_1_362' title='bbox 1062 4420 1093 4473; x_wconf 88' lang='grc' dir='ltr'>Τ.</span> <span class='ocrx_word' id='word_1_363' title='bbox 1113 4418 1141 4472; x_wconf 73' lang='grc' dir='ltr'>(λ.</span> <span class='ocrx_word' id='word_1_364' title='bbox 1158 4420 1189 4472; x_wconf 86' lang='lat' dir='ltr'>V.</span> 
     </span>
    </p>
   </div>
   <div class='ocr_carea' id='block_1_4' title="bbox 1190 4504 1222 4558">
    <p class='ocr_par' dir='ltr' id='par_1_5' title="bbox 1190 4504 1222 4558">
     <span class='ocr_line' id='line_1_40' title="bbox 1190 4504 1222 4558; baseline 0 -20"><span class='ocrx_word' id='word_1_365' title='bbox 1190 4504 1222 4558; x_wconf 69' lang='grc'>6*</span> 
     </span>
    </p>
   </div>
   <div class='ocr_carea' id='block_1_5' title="bbox 0 0 1626 4932">
    <p class='ocr_par' dir='ltr' id='par_1_6' title="bbox 0 0 1626 4932">
     <span class='ocr_line' id='line_1_41' title="bbox 0 0 1626 4932; baseline 0 0"><span class='ocrx_word' id='word_1_366' title='bbox 0 0 1626 4932; x_wconf 95' lang='lat' dir='ltr'> </span> 
     </span>
    </p>
   </div>
  </div>
 </body>
</html>
