3226 4932
600 451 642 460 -
689 416 774 498 [aar]
821 453 864 462 -
1259 419 1299 480 su

163 621 326 684 nunquam
355 601 517 686 dactylum
547 602 735 686 admittunt,
769 603 822 687 qui
851 611 986 689 apparet
1016 625 1044 671 e.
1071 625 1103 689 g.
1129 605 1161 670 in
1189 605 1301 671 ultimo

163 703 245 787 pede
268 704 382 789 prioris
405 705 467 771 ooli
489 705 666 772 hexametri
690 705 842 792 dactylici

467 826 602 837 ....
684 825 854 881 Ὗ..

165 945 220 1026 qui
242 945 369 1028 generis
393 944 547 1031 simplicis
576 944 667 1026 idone)
696 953 756 1012 est.
802 947 946 1012 Alterum
969 947 1055 1030 quod
1076 947 1106 1012 P
1128 949 1177 1012 III
1199 956 1255 1014 str.
1282 954 1300 1012 l

165 1055 197 1112 et
218 1045 246 1111 N
269 1047 346 1113 Vlll
368 1056 426 1114 str.
452 1051 470 1114 3
495 1055 575 1126 ÷l
609 1049 822 1134 pentapodiae
851 1048 1032 1135 dactylicus
1062 1051 1147 1116 omni
1173 1051 1301 1117 dubita-

165 1149 242 1215 tioni
266 1160 435 1236 exemptae
457 1152 593 1218 traditae
617 1160 699 1230 sunt,
726 1173 808 1234 quae
830 1152 864 1218 in
886 1173 1005 1237 genere
1027 1153 1166 1240 simplici
1186 1173 1301 1220 secun-

164 1252 240 1318 dum
271 1255 375 1336 legem
406 1255 448 1321 ab
477 1256 669 1321 Aristoxeno
697 1254 862 1332 traditam,
902 1256 956 1339 qui
985 1258 1115 1340 generis
1144 1257 1299 1344 simplicis

165 1356 257 1421 colon
286 1358 459 1422 maximum
490 1359 631 1424 sedecim
660 1379 819 1423 morarum
850 1378 922 1425 esse
944 1359 1038 1441 dicit,
1073 1361 1149 1443 quia
1170 1361 1300 1426 vicenas

165 1478 270 1524 moras
292 1459 460 1527 habiturae
484 1461 556 1540 sint,
583 1481 681 1525 unum
704 1462 794 1527 colon
819 1461 945 1528 efficere
968 1483 1031 1528 non
1054 1472 1196 1547 possunt,
1225 1484 1301 1548 pos-

164 1563 293 1628 suntin
316 1583 434 1646 genere
457 1564 566 1649 duplo,
594 1565 647 1630 ubi
671 1565 761 1630 colon
786 1565 958 1630 maximum
978 1565 1216 1650 duasdeviginti
1232 1589 1301 1634 mo-

164 1685 215 1729 ras
239 1667 471 1751 complectitur;
499 1688 573 1732 nam
596 1667 790 1752 pentapodia
811 1667 844 1732 in
867 1668 927 1734 hoc
949 1688 1068 1752 genere
1087 1673 1124 1732 15
1141 1689 1299 1735 morarum

163 1775 222 1834 est.
262 1769 404 1834 Tertium
427 1770 512 1854 quod
533 1770 683 1855 gravitati
700 1791 842 1855 poeseos,
870 1790 952 1852 quae
966 1771 1155 1855 plerumque
1171 1772 1203 1836 in
1219 1781 1300 1837 stro-

164 1871 236 1956 phis
265 1873 381 1938 doricis
411 1874 509 1954 inest,
549 1874 652 1958 aptior
682 1881 731 1940 est
760 1873 934 1939 retardatio
963 1873 1119 1958 rhythmi,
1152 1895 1216 1957 qua
1243 1895 1300 1959 pro

162 1975 310 2042 trochaeo
340 1977 373 2040 in
404 1979 544 2043 colorum
574 1977 637 2043 fine
668 1976 829 2063 spondeus
851 1996 909 2061 pes
933 1976 1095 2060 legitimus
1118 1977 1221 2042 factus
1244 1979 1296 2060 sit,

163 2099 259 2162 quam
281 2079 488 2164 acceleratio,
520 2099 615 2162 quam
639 2085 779 2146 statuere
802 2099 1004 2164 cogeremur,
1038 2080 1218 2163 ubicunque
1242 2101 1299 2166 pro

163 2180 304 2266 spondeo
326 2181 495 2249 trochaeus
517 2181 641 2268 positus
664 2190 724 2266 est,
750 2183 778 2248 si
800 2183 928 2266 generis
952 2183 1107 2268 simplicis
1131 2183 1199 2249 sive
1221 2183 1299 2249 dac-

162 2285 251 2368 tylici
273 2285 457 2371 rhythmum
480 2285 630 2371 strophae
652 2286 779 2352 doricae
801 2305 873 2352 esse
883 2286 1170 2380 contenderemus.
1328 2296 1330 2302 ’

248 2405 319 2471 Etsi
347 2404 525 2472 diiudicare
554 2427 617 2472 non
646 2426 833 2492 possumus,
867 2427 930 2490 qua
951 2406 1153 2472 arithmetica
1176 2406 1298 2472 ratione

162 2508 283 2594 dactyli
305 2509 465 2576 trochaeis
487 2510 657 2592 exaequati
686 2509 765 2593 sint,
796 2517 904 2576 tamen
935 2517 1059 2575 constat
1085 2509 1191 2576 thesin
1221 2509 1299 2576 dac-

161 2613 221 2698 tyli
253 2612 353 2678 fuisse
383 2609 517 2696 μακρὰν
538 2619 670 2699 μακρᾶς
694 2609 824 2677 ἐλάσσω
854 2620 886 2678 et
915 2621 1082 2698 utramque
1104 2612 1192 2678 arsin
1214 2616 1299 2698 βρα-

161 2728 258 2798 χεῖαν
279 2719 441 2802 βραχείας
464 2713 606 2797 ἐλάσσω,
637 2716 664 2782 si
688 2715 869 2782 trochaeum
892 2736 913 2780 a
935 2735 996 2799 quc
1019 2715 1166 2799 epitritus
1188 2715 1300 2799 incipit

160 2837 256 2886 unam
280 2816 414 2903 perpetu
435 2825 468 2884 et
489 2839 584 2884 unam
608 2822 771 2904 βραχεῖαν
796 2819 956 2886 continere
980 2825 1115 2884 statuas.
1163 2817 1228 2883 Sed
1257 2839 1297 2883 ne

162 2923 335 2988 verisimile
366 2921 493 3004 quidem
521 2927 571 2986 est
599 2921 753 2987 rationem
783 2941 942 2986 morarum
973 2921 1007 2986 in
1037 2922 1165 3005 dactylo
1200 2928 1232 2988 et
1265 2921 1297 2986 in

161 3026 288 3110 epitrito
310 3025 529 3106 exaequandis
552 3025 786 3090 arithmeticam
809 3023 964 3104 extitisse,
991 3024 1067 3106 quia
1082 3024 1200 3105 ubique
1215 3025 1298 3089 inter

160 3129 328 3194 trochaeos
357 3127 556 3212 epitritorum
584 3135 616 3193 et
638 3127 784 3212 dactylos
806 3135 863 3192 aut
884 3127 981 3211 longa
1003 3127 1134 3193 trisemo
1156 3127 1297 3210 interpo-

161 3232 223 3296 sita
252 3239 302 3295 est
331 3240 387 3296 aut
415 3230 578 3314 spondeus
607 3231 663 3296 ille
686 3251 726 3296 ex
748 3229 898 3296 trochaeo
921 3230 1134 3296 retardatione
1157 3229 1297 3313 rhythmi

161 3335 293 3400 effectus
316 3343 371 3398 aut
392 3353 507 3420 pausa,
533 3353 616 3416 quae
639 3340 823 3400 constanter
844 3332 878 3398 iu
900 3352 1012 3398 versus
1034 3332 1097 3400 fine
1120 3333 1165 3398 fit.

247 3453 299 3520 Ad
322 3454 562 3540 exprimendam
585 3455 714 3536 longam
736 3452 869 3520 artificio
892 3458 991 3538 τονῆς
1020 3452 1063 3517 ad
1086 3452 1181 3518 totius
1205 3451 1297 3535 pedis

160 3557 390 3642 longitudinem
413 3556 600 3642 productam
623 3557 767 3640 plerique
787 3555 846 3620 riri
861 3554 948 3622 docti
963 3556 1029 3620 illis
1044 3555 1128 3621 notis
1143 3556 1193 3620 usi
1209 3567 1292 3636 sunt,

160 3681 243 3744 quae
264 3661 432 3726 traduntur
454 3662 495 3726 ab
518 3662 685 3744 Anonymo
707 3659 924 3724 Bellermanni
947 3679 979 3742 p.
998 3661 1039 3722 49
1055 3659 1127 3724 W.:

512 3777 626 3866 μακρὰ
648 3785 824 3865 τρίχρονος
899 3796 934 3831 t-

512 3881 625 3966 μακρὰ
648 3881 869 3969 τετράχρονος
897 3899 935 3935 [Α

511 3983 625 4071 μακρὰ
648 3983 877 4070 πεντάχρονος
899 4001 937 4038 m

246 4091 320 4156 Alia
350 4097 455 4156 autem
482 4098 558 4156 nota
581 4090 624 4155 ad
646 4090 732 4155 idem
756 4087 1000 4172 significandum
1024 4086 1170 4152 adhibita
1193 4095 1242 4153 est
1263 4089 1294 4152 in

161 4195 289 4279 hymnis
319 4193 522 4260 Mesomedis.
569 4193 715 4277 Hymnus
745 4193 839 4258 alter
856 4192 888 4257 in
918 4191 1024 4257 Solem
1052 4189 1127 4256 inde
1155 4211 1175 4255 a
1203 4210 1295 4257 versu

161 4298 298 4382 septimo
326 4302 447 4380 (versus
471 4316 528 4362 sex
551 4296 672 4380 priores
694 4295 834 4366 melodia
856 4301 974 4374 carent]
1010 4301 1042 4360 et
1071 4294 1209 4378 hymnus
1233 4305 1297 4360 ter-
