3238 4930
297 477 336 539 1o
438 456 441 464 '
815 469 908 554 [eoa]

398 661 432 724 II
458 665 513 724 li:
536 661 769 745 symbuleutice
800 661 848 724 Fr
879 659 1083 746 paraenetice
1116 683 1131 719 τ
1161 651 1427 740 paraenetice

297 767 362 830 vel
382 766 699 850 symbuleutice
723 789 751 845 y.

400 869 434 932 ΙΙ
456 872 513 932 2οε
542 869 747 952 paraenetice
776 867 825 930 Fi
855 866 1028 950 allegorice
1061 891 1079 928 τ
1108 862 1341 946 allegorice
1364 856 1430 918 vel

296 973 568 1058 paraenetice
593 997 620 1052 y.

398 1075 514 1161 Neque
538 1078 623 1140 euim
645 1079 711 1140 veri
735 1077 838 1141 simile
860 1083 910 1140 est
936 1073 1185 1158 dittographiam
1209 1070 1323 1133 iamin
1347 1087 1431 1130 com-

296 1182 384 1244 muni
407 1180 580 1263 archetypo
611 1179 765 1243 librorum
794 1179 852 1253 Fi,
880 1205 907 1259 γ,
932 1205 949 1240 τ
978 1177 1123 1242 extitisse
1147 1169 1432 1259 [quemadmodum

297 1305 373 1348 sane
398 1282 517 1366 duplex
540 1283 634 1345 lectio
658 1285 796 1346 traditur
826 1291 858 1346 et
887 1283 918 1344 iu
944 1281 992 1344 Fl
1016 1282 1102 1345 etin
1134 1279 1208 1360 711
1237 1281 1271 1341 3:
1303 1295 1432 1360 „parae-

299 1387 401 1450 netice
424 1387 520 1448 immo
542 1387 795 1468 symbuleutice¹⁴
814 1386 854 1451 cl.
880 1385 1017 1450 18.1111
1047 1384 1076 1463 l)
1099 1404 1119 1446 a
1141 1409 1159 1464 y
1182 1382 1249 1446 solo
1265 1378 1432 1454 servatam,

299 1511 370 1554 cum
395 1489 444 1552 Fi
466 1499 498 1552 et
516 1516 531 1553 τ
548 1491 680 1553 alteram
698 1498 800 1554 utram
817 1499 948 1553 notasse
970 1489 1047 1552 satis
1063 1487 1251 1551 habuerint:
1268 1491 1333 1546 tum
1350 1482 1433 1542 euim

298 1595 412 1656 mirum
436 1601 520 1656 esset
543 1593 632 1675 quod
654 1616 696 1658 ne
720 1615 783 1658 uno
817 1593 945 1677 quidem
973 1613 1012 1655 ex
1040 1591 1085 1654 eis
1116 1590 1155 1653 dc
1186 1588 1300 1673 quibus
1329 1585 1435 1666 agitur

300 1697 378 1760 locis
402 1695 487 1760 Fet
509 1723 527 1758 τ
549 1697 631 1760 inter
653 1720 689 1761 sc
712 1698 926 1761 consentiunt.

402 1795 434 1861 ls
457 1807 567 1862 autem
589 1799 678 1878 liber,
703 1799 788 1862 unde
811 1807 843 1861 et
867 1825 883 1861 τ
907 1788 1000 1862 fluxit
1015 1804 1047 1862 et
1060 1797 1166 1859 variae
1181 1795 1254 1857 illae
1276 1793 1307 1854 iu
1332 1815 1349 1870 y
1371 1789 1435 1852 lec·

299 1903 418 1978 tiones,
449 1903 558 1965 similis
587 1901 649 1964 luit
680 1904 709 1965 ci
739 1901 849 1982 codici,
879 1901 965 1966 unde
995 1901 1090 1964 finem
1114 1901 1200 1962 tertii
1223 1896 1292 1960 libri
1315 1895 1345 1956 in
1370 1893 1436 1954 AB

302 2006 484 2088 suppletum
508 2027 578 2068 esse
601 2005 748 2067 vidimus.
804 2003 877 2076 Quo
905 2005 940 2067 lit
963 2013 999 2066 ut
1022 2001 1074 2066 ΙΙΙ
1098 2005 1150 2065 25.
1174 2004 1213 2064 2ῑ
1240 2002 1303 2061 AB
1325 2017 1394 2059 cum
1418 2020 1435 2056 τ

301 2109 501 2171 consentiant
525 2117 636 2171 contra
653 2107 729 2186 luy.
764 2106 877 2190 Neque
901 2107 1031 2170 aliunde
1054 2103 1276 2188 explicandum
1300 2100 1435 2174 videtur,

300 2211 386 2294 quod
411 2211 508 2274 semel
533 2217 618 2274 certo
642 2211 693 2274 ΙΙΙ
719 2213 760 2272 28
784 2235 802 2291 y
823 2211 947 2276 accedit
970 2210 1011 2273 ad
1029 2213 1101 2273 AB.
1119 2208 1237 2273 recedit
1259 2228 1278 2269 a
1301 2201 1434 2280 Fl3ubi

299 2312 413 2376 codem
436 2313 468 2375 ni
490 2312 584 2375 fallor
600 2312 681 2376 libro
698 2334 774 2376 usus
798 2321 857 2391 est,
882 2313 966 2377 uude
988 2313 1090 2376 varias
1106 2312 1259 2374 lectiones
1274 2308 1343 2370 illas
1362 2325 1436 2368 eno·

299 2415 388 2478 tavit.
426 2415 456 2478 A
479 2416 588 2480 codice
611 2441 628 2478 τ
651 2417 680 2478 in
706 2417 767 2479 bac
789 2437 823 2479 re
839 2417 995 2479 auxilium
1018 2415 1085 2499 peti
1107 2415 1233 2498 nequit:
1257 2411 1310 2496 qui
1332 2407 1434 2472 codex

300 2527 372 2602 post
395 2516 448 2580 ΙΙΙ
471 2521 521 2598 27,
546 2523 586 2586 55
610 2519 716 2582 deficit
740 2539 801 2583 uec
831 2519 900 2582 libri
935 2518 1005 2582 1111
1028 2520 1087 2581 nisi
1119 2519 1236 2600 exigua
1258 2511 1436 2596 fragmenta

301 2621 449 2684 continet.
482 2621 545 2684 Sed
570 2643 639 2683 cum
658 2623 786 2685 omniuo
811 2643 902 2685 rarae
923 2623 985 2685 siut
1007 2623 1039 2685 in
1056 2647 1073 2685 τ
1089 2621 1317 2703 inscriptiones,
1341 2617 1436 2680 etiam

302 2722 342 2786 dc
365 2724 411 2788 eis
435 2745 517 2808 quae
540 2725 573 2787 in
596 2725 755 2807 prioribus
782 2727 957 2789 carminum
981 2726 1080 2789 titulis
1104 2750 1122 2805 y
1145 2725 1269 2787 diversa
1297 2719 1393 2784 babet
1416 2741 1436 2781 a

300 2826 430 2909 reliquis
446 2847 526 2910 quos
542 2828 631 2910 sequi
647 2829 729 2892 solet
745 2829 908 2918 codicibus
930 2829 997 2909 (ΙΙΙ
1014 2831 1065 2892 23.
1082 2828 1117 2892 ΙΙ
1140 2827 1176 2909 2)
1200 2824 1337 2889 dubitari
1352 2823 1435 2900 licet,

302 2951 378 2993 num
394 2929 433 2992 ad
452 2931 588 2994 cundem
605 2930 726 2995 fontem
743 2932 911 2996 reserenda
926 2933 1002 2996 sint:
1024 2931 1063 2995 de
1080 2933 1126 2994 eis
1143 2951 1226 3016 quae
1250 2956 1267 2992 τ
1288 2927 1348 2992 soli
1364 2945 1436 3010 pro·

302 3033 372 3116 pria
389 3039 464 3095 sunt
479 3032 529 3110 (II
553 3037 582 3095 4.
610 3037 671 3112 12),
695 3055 734 3097 ne
750 3034 887 3096 dubitari
912 3035 1040 3119 quidem
1066 3035 1146 3098 licet.
1182 3032 1299 3096 Contra
1321 3049 1439 3112 anceps

304 3141 352 3199 cst
373 3133 524 3196 iudicium
547 3133 588 3196 dc
611 3137 655 3198 eis
679 3137 828 3220 epithetis
853 3158 936 3220 quae
959 3137 1047 3202 solus
1078 3164 1095 3218 y
1117 3143 1209 3201 notat
1239 3135 1290 3216 (II
1316 3137 1342 3198 l.
1368 3130 1439 3214 14):

303 3237 378 3322 quia
402 3257 477 3300 casu
499 3237 568 3300 lieri
591 3240 702 3322 potuit,
725 3247 761 3302 ut
783 3241 814 3303 in
837 3239 871 3302 F
890 3241 1121 3304 omitterentur.

409 3439 557 3506 Ceterum
587 3451 714 3526 praeter
737 3444 862 3509 codices
892 3447 985 3510 etiam
1020 3445 1106 3530 apud
1138 3445 1362 3531 grammaticos
1386 3461 1441 3503 ve·

304 3549 388 3608 teres
412 3543 554 3628 quamvis
579 3545 664 3608 lavia
682 3547 790 3611 similis
810 3550 983 3612 memoriae
999 3549 1135 3632 vestigia
1150 3545 1438 3632 deprehenduntur.

305 3646 450 3720 Quorum
472 3669 564 3726 unua,
587 3649 806 3716 Diomedes
829 3649 963 3734 (sacculi
994 3651 1061 3716 scre
1095 3651 1165 3714 IIII
1199 3647 1441 3734 grammaticus)

307 3749 434 3813 tertiam
457 3749 527 3812 libri
550 3751 643 3834 primi
666 3751 751 3816 oden
777 3755 1036 3838 „proseucticen“
1062 3755 1235 3833 nominat¹‚
1259 3771 1321 3836 qua
1346 3751 1378 3812 in
1407 3767 1443 3812 re

413 4045 421 4077 ¹
441 4043 566 4095 Diomed.
578 4045 622 4096 111
635 4044 669 4096 de
683 4046 775 4098 metris
791 4047 950 4099 Horatianis
969 4047 1055 4111 (Keil,
1068 4047 1188 4099 Gramur.
1201 4046 1260 4096 Lat.
1272 4045 1286 4095 1
1299 4061 1325 4110 p.
1338 4040 1443 4104 cmo:

309 4144 397 4193 „nona
417 4128 523 4180 decima
542 4129 595 4182 odo
609 4131 788 4184 Horatianum
809 4139 923 4184 metrum
944 4133 1024 4184 babet
1043 4141 1070 4184 et
1090 4137 1198 4186 constat
1217 4147 1248 4182 ex
1267 4129 1402 4196 Glyconio
1416 4133 1445 4178 et

308 4213 916 4284 Asclepiademquodsuprsscriplum
937 4219 1040 4270 estin
1062 4221 1190 4284 ecloga
1208 4215 1445 4284 proseuctice

308 4298 479 4364 Vergilii.
522 4301 583 4352 Alio
610 4309 699 4354 autem
728 4319 830 4370 genere
857 4304 1001 4356 scanditur
1026 4321 1076 4370 per
1094 4305 1175 4356 binos
1195 4317 1303 4365 versus,
1329 4315 1445 4368 quorum

308 4399 378 4436 unus
397 4387 439 4434 est
458 4385 577 4452 tripodis
594 4385 741 4454 dactylica,
766 4391 836 4442 alter
855 4389 1099 4456 penthemimeres:
1125 4397 1211 4442 mater
1228 4403 1309 4440 socca
1331 4387 1446 4452 Cupidi-
