3238 4930
597 502 601 515 .
712 461 802 545 [raa]

187 655 272 741 quod
299 653 485 721 Haimsoctb
509 653 687 741 proposuit,
711 675 783 717 oum
807 653 909 718 codex
934 653 1101 720 exhibeat:

445 760 597 822 ποταίνιον
619 755 751 822 κλύουσα
774 754 911 840 πάταγον
932 755 1061 841 ἄμμιγα.

187 865 279 940 Quae
302 863 487 928 coniectura
511 863 571 930 etsi
603 863 698 946 plena
727 883 798 926 cum
830 883 926 927 versu
956 863 1184 949 antistrophioo
1208 885 1238 928 v.
1262 865 1324 950 236

186 967 232 1034 dui
249 975 333 1033 θεῶν
356 966 439 1032 πόλιν
457 973 462 1044 t
483 964 632 1046 vspdyrstt’
655 963 813 1046 ἀδάματον
834 967 1041 1052 responsione
1065 969 1212 1033 restituta
1240 989 1325 1033 com·

188 1072 366 1152 mendatur‚
389 1078 494 1135 tamen
526 1070 643 1134 dubiao
670 1070 744 1134 fidei
774 1070 846 1135 ideo
879 1078 937 1147 est,
960 1071 1046 1157 quod
1077 1074 1193 1137 reiecta
1224 1071 1328 1136 forma

188 1178 306 1241 usitata
329 1175 449 1258 ἄμμιγα
473 1175 544 1254 (cfr.
560 1174 659 1260 Soph.
675 1174 789 1239 Traoh.
806 1177 869 1240 839
884 1176 1078 1258 μελαγχαίτα
1097 1177 1123 1240 τ’
1140 1174 1261 1258 ὅμμιγιὶ
1282 1204 1325 1240 νιν

95 1353 97 1360 ¹
189 1280 306 1362 αἰκίζιι)
335 1281 437 1346 forma
466 1279 678 1344 introducitur
709 1279 741 1343 in
769 1279 921 1363 Aeschyli
954 1281 1128 1345 orationem
1160 1303 1207 1359 ea,
1237 1281 1325 1346 cuius

187 1406 291 1470 neque
306 1386 338 1450 in
354 1384 448 1450 huius
463 1384 613 1470 usquein
629 1391 806 1449 ceterorum
822 1391 991 1467 poetarum
1003 1384 1196 1468 tragicorum
1212 1383 1327 1449 fabulis

189 1491 289 1553 ullum
302 1489 419 1574 legitur
435 1488 628 1573 exemplum.
660 1486 741 1552 Cum
757 1487 862 1550 locum
879 1507 948 1554 esse
964 1494 1149 1573 corruptum
1165 1490 1206 1553 ab
1228 1490 1327 1554 inter·

187 1595 344 1680 palatore.
368 1594 423 1679 qui
446 1593 603 1658 violenter
625 1613 698 1656 eum
721 1591 753 1654 iu
776 1591 954 1656 trimetrum
982 1591 1153 1656 iambicum
1176 1594 1324 1679 redigere

188 1698 334 1778 volucrit,
356 1719 450 1764 namo
473 1717 538 1764 uon
560 1696 678 1763 videat.
700 1717 776 1760 num
800 1693 885 1758 facili
907 1694 1048 1760 remedio
1072 1697 1211 1780 genuina
1228 1699 1327 1782 aerip-

187 1810 261 1866 tura
292 1803 417 1867 restitui
450 1801 552 1886 possit
582 1800 704 1864 dubito.
757 1799 937 1864 Probabilis
972 1798 1151 1864 emendatio
1187 1822 1259 1866 oum
1293 1801 1325 1865 in

188 1913 338 1993 promptu
355 1925 420 1970 non
438 1905 487 1978 sit,
505 1902 709 1988 peritioribus
721 1901 897 1967 sanandum
910 1901 1198 1968 commendaverim
1212 1903 1326 1968 locum.

710 2171 728 2253 s
753 2173 801 2234 13.

291 2321 404 2388 Altera
427 2319 535 2384 classis
558 2318 692 2383 eflicitur
722 2318 759 2382 iis
783 2318 948 2400 dochmiis,
972 2339 1052 2404 quos
1074 2319 1155 2384 falsa
1177 2320 1323 2388 distribu-

188 2428 276 2492 tione
300 2433 386 2491 ortos
409 2445 479 2489 esee
503 2423 639 2490 conlido.
684 2421 721 2486 In
747 2421 860 2487 borum
884 2443 1048 2488 numerum
1072 2423 1229 2491 referendi
1250 2426 1324 2492 mihi

189 2531 336 2596 videntur
358 2536 509 2614 quattuor
530 2528 601 2610 loci,
631 2527 747 2590 Aeacb.
777 2527 839 2611 Ag.
866 2527 946 2592 1407
964 2549 971 2590 :
989 2530 1081 2608 1426,
1113 2527 1212 2615 Soph.
1244 2530 1324 2596 Oed.

189 2635 255 2700 Col.
285 2637 374 2712 1479,
397 2631 479 2696 Oed.
503 2653 561 2696 rex
587 2632 809 2702 1313-1320.
834 2631 909 2696 Eur.
932 2631 1002 2716 Iplr.
1027 2631 1123 2698 Taur.
1146 2636 1220 2700 671.

295 2743 308 2802 1
336 2743 368 2800 et
392 2733 428 2818 2)
451 2735 565 2800 Aesclr.
590 2738 651 2818 Ag.
678 2738 758 2801 1407
776 2757 783 2798 :
803 2737 885 2798 1426
909 2736 1100 2801 recentiores
1124 2738 1262 2804 editores
1281 2739 1326 2804 ita

190 2843 407 2926 distinguunt:

336 2988 384 3072 (τί
405 2987 506 3066 κακόν,
529 2983 555 3051 ul
579 2986 692 3073 ydrae)
714 2988 925 3074 χθονοτρεφὲς
948 2987 1057 3052 ιἰἱανιῖν

335 3091 372 3177 (ἢ
396 3091 490 3156 nardo
512 3092 671 3174 πασαμένα
694 3093 786 3176 ῥυτᾶς
809 3095 840 3168 ἔξ
863 3091 933 3170 ἁλός
956 3089 1112 3176 ὄρμενον),

232 3197 305 3288 ant'
331 3221 550 3306 (μιγαλόμρτις
573 3219 626 3308 νὴ)
650 3223 816 3308 περίφρονα
840 3221 979 3300 obtunsa·

336 3325 453 3410 (ὥσπερ
476 3323 532 3392 οὖν
554 3333 708 3412 paratitlo?
728 3325 805 3416 τιῗχρι
829 3325 911 3412 φρήν
933 3327 1147 3414 ἐπιμαίνεται),

188 3475 225 3533 ut
247 3468 337 3531 locus
361 3471 485 3531 constet
508 3489 548 3530 ex
565 3466 645 3530 binis
661 3467 824 3544 dochmiis‚
840 3467 893 3552 qui
909 3469 1059 3531 creticum
1078 3468 1214 3554 cingant,
1238 3479 1324 3537 recte

189 3569 366 3657 improbata
389 3569 523 3636 Seidleri
546 3569 710 3650 divisione,
734 3572 787 3655 qui
811 3567 918 3634 s'daudv
934 3568 954 3654 ἦ
971 3569 1080 3636 nardo:
1103 3571 1205 3650 ἔλακες
1220 3571 1323 3659 ὥσπερ

190 3672 244 3740 οὖν
266 3674 446 3740 dochmiuru
475 3675 603 3739 efficere
631 3681 748 3752 conset,
779 3675 829 3738 oui
858 3681 1009 3760 quattuor
1037 3675 1181 3762 syllabae
1210 3678 1325 3744 breves

186 3779 413 3863 χθονοτρεφὲς
439 3781 604 3862 περίφρονα
627 3780 656 3843 d'
678 3779 743 3843 siut
765 3780 968 3863 praemissae.
1013 3779 1059 3845 Ut
1089 3781 1216 3866 reliquis
1247 3783 1324 3848 locis

188 3883 357 3970 plerisque,
381 3883 496 3968 quibus
518 3882 644 3948 Seidler
667 3889 818 3968 quattuor
840 3884 978 3970 syllabas
1001 3885 1114 3950 breves
1131 3887 1325 3970 praecedere

191 3979 337 4052 doclrmio
363 3988 408 4053 ait
431 3987 487 4072 (de
511 3988 636 4054 docbm.
659 4009 689 4074 p.
715 3988 909 4073 163-156),
932 3991 1020 4054 velut
1043 3990 1140 4075 Soph.
1157 3990 1237 4056 Oed.
1255 3990 1324 4056 001.

193 4097 273 4158 1447
291 4115 298 4154 :
317 4095 409 4169 1462,
432 4091 508 4156 Eur.
527 4092 611 4158 Med.
633 4095 712 4157 1280
728 4113 736 4155 ι
754 4096 848 4173 1291,
871 4093 920 4158 El.
939 4097 1045 4158 1149:
1066 4097 1157 4175 1157,
1181 4095 1234 4158 Or.
1254 4097 1325 4178 171,

189 4199 284 4262 etiam
309 4197 463 4262 hocloco
494 4195 662 4261 dochmius
692 4205 724 4262 at
754 4199 888 4262 creticus
918 4198 967 4262 vel
997 4205 1150 4283 quattuor
1180 4198 1325 4284 syllabae

191 4301 305 4366 breves
322 4309 353 4366 et
372 4289 538 4365 dochmius
553 4301 593 4364 ad
613 4301 823 4387 tetrapodiam
839 4302 1005 4366 iambicam
1022 4310 1096 4366 aunt
1112 4303 1324 4368 consociandi.

190 4407 295 4470 Locus
318 4407 416 4489 igitur
438 4405 483 4469 sic
506 4413 556 4469 est
578 4405 829 4470 distribuendus:
