3274 4934
683 379 895 440 ..15-

218 563 374 631 tradentis
397 565 498 631 salsus
519 573 578 632 est.
619 565 807 632 Coniunctis
829 570 887 630 καί
909 585 992 648 qnae
1013 571 1143 651 propter
1166 588 1201 630 τε
1223 571 1354 630 antece-

218 667 298 734 dens
320 667 522 736 desideratur
544 670 631 736 nullu
654 670 784 754 negotio
804 690 845 735 ex
860 670 975 736 litteris
999 668 1120 732 ΚΑΡΤ
1143 669 1279 735 servatis
1294 669 1354 734 eli-

218 772 309 855 citur,
336 773 365 837 si
387 773 592 840 rescribimus
614 761 712 859 κᾶρτί
735 795 797 838 σου
818 771 939 839 κλύων.
956 811 1000 820 -
1014 774 1053 840 V.
1073 777 1090 836 7
1107 773 1202 838 lectio
1218 771 1267 848 εἰς
1283 783 1353 836 σεῖο

219 876 315 952 κλέος
330 877 398 942 solo
415 876 511 944 Bailii
525 877 711 962 apographo
727 877 847 942 nititur.
861 915 904 924 -
920 878 958 942 V.
976 881 1014 940 12
1031 881 1154 958 στίχων
1168 897 1189 941 a
1204 875 1353 942 Kaibclic

219 988 379 1064 receptum
394 979 469 1046 ferri
483 980 604 1062 nequit,
624 981 774 1062 queniam
787 978 928 1045 CTiXO
944 987 1029 1046 certe
1041 979 1186 1046 traditur.
1198 980 1288 1044 -V.
1301 982 1350 1060 13,

219 1083 347 1164 quatem
360 1084 477 1148 Kaibel
492 1083 742 1150 etWilamowitz
755 1085 961 1150 restituerunt
973 1077 1026 1148 δυ’
1041 1077 1136 1159 εἶπες
1152 1076 1254 1167 αὐτῷ,
1275 1083 1353 1167 φίλ-

219 1209 333 1268 τατος,
361 1187 465 1252 τελῶν
493 1184 614 1268 πάλιν,
644 1189 687 1256 ad
714 1207 842 1254 sensum
869 1188 951 1252 bene
977 1187 1164 1270 quadraret:
1193 1186 1288 1251 mado
1313 1206 1353 1250 ne

222 1287 260 1352 ΕΙ
270 1287 372 1373 ΠΕΟ,
391 1289 475 1372 (pund
491 1312 512 1357 a
527 1291 712 1358 a010Baili0
726 1291 870 1374 traditur,
890 1297 1004 1374 ectypo
1020 1291 1201 1358 reiteretur.
1234 1289 1354 1374 Scripsi

220 1389 258 1468 ὃς
279 1387 388 1456 εἵπετ’
407 1388 497 1479 αὐτῷ
520 1395 683 1480 φίλτατος
701 1391 823 1476 dcxciv
839 1387 945 1475 decri:
972 1402 1007 1460 ut
1020 1401 1094 1479 post
1109 1398 1224 1475 στίχον
1239 1413 1353 1460 nomen

219 1497 433 1580 supplendum
450 1499 492 1562 sit
507 1499 631 1564 comitis
647 1498 787 1564 Charisii
802 1498 858 1580 qni
874 1517 1001 1564 carmen
1017 1497 1197 1582 insculpsit.

758 1687 817 1754 IV.

304 1809 340 1874 O.
356 1810 382 1872 I.
397 1809 438 1872 d.
454 1813 537 1874 4723
553 1810 626 1876 cell.
644 1809 728 1874 Add.
748 1810 796 1874 111
811 1830 842 1892 p.
854 1811 949 1884 1201.
983 1808 1100 1874 Kaibel
1123 1829 1155 1872 n.
1168 1811 1241 1872 996.
1269 1810 1355 1892 Lep-

218 1911 286 1976 sius
302 1913 344 1977 VI
359 1913 423 1978 tab.
443 1917 494 1993 76,
514 1913 570 1978 Gr.
590 1919 642 1978 64.
673 1915 831 1998 Eutypum
847 1913 976 1980 contuli.

305 2071 335 2113 v.
358 2055 386 2114 ι.
414 2047 755 2128 santamente.
799 2073 830 2115 v.
851 2054 880 2114 3.
907 2043 1354 2131 xcrurrcrupxcrun-

220 2147 344 2236 ’[ωΝ,
394 2175 424 2218 v.
450 2161 481 2216 4.
513 2152 878 2231 ΠΑΡΗΝῙΠΑΡΗΝ.
917 2175 991 2218 mcx
1018 2150 1354 2218 nnochrtucw-

220 2248 883 2338 nrmrnrocuvuueuunuuu
921 2279 951 2322 v.
971 2263 1001 2320 s.
1026 2259 1095 2322 san
1120 2238 1356 2339 ειεφθει-

222 2357 369 2440 curo,
417 2361 539 2425 earnm
569 2343 1350 2442 ezeteeuzurorezeteerznru

220 2485 250 2527 v.
270 2467 299 2527 6,
327 2462 666 2546 ΑΠΗΕΙΙΑΠΗΕΙ.
699 2485 773 2528 mox
801 2462 1354 2547 mantunaesurnunmnu

222 2563 325 2629 ΡΗΝ.
359 2568 481 2633 Littera
502 2568 533 2632 Α
556 2569 590 2633 in
613 2575 729 2654 ectypo
759 2590 821 2633 non
848 2569 995 2634 cernitur.
1030 2591 1059 2634 v.
1080 2573 1110 2632 9.
1144 2553 1353 2632 [ΖἈΔΡΙΑ

222 2659 913 2754 ΝΟΥΚΑΙΟΗῙΑΔΡΙᾹΝΟΥΚᾹΙΟ,
935 2679 967 2737 et
979 2673 1025 2737 sie
1035 2681 1184 2756 ectypum
1195 2672 1256 2736 nisi
1270 2673 1352 2754 quod

219 2773 321 2838 altera
337 2763 495 2857 littera}
508 2784 653 2862 apparet.
686 2777 723 2840 In
739 2777 802 2841 fine
817 2785 866 2842 est
883 2759 1214 2858 ΕΠΙΦΓωΡλΝἶ.

306 2878 354 2942 De
376 2879 564 2946 lectionibus
585 2901 615 2944 v.
636 2885 653 2941 3
676 2878 843 2962 χωμάτων
865 2900 921 2964 pro
944 2885 1119 2964 capparim,
1144 2881 1227 2962 quod
1251 2879 1354 2944 Franz

221 2979 367 3064 primitus
379 2981 522 3066 dederat,
541 2990 573 3048 et
589 2977 918 3070 neocesariensium
934 3003 991 3066 pro
1007 2980 1249 3070 προσκυνήσων
1264 2983 1351 3064 λίαν,

222 3091 256 3148 ut
271 3085 393 3150 Bailius
411 3086 501 3170 legit,
528 3085 654 3152 traditis
668 3088 732 3152 iam
750 3086 889 3152 dubitari
909 3106 971 3152 nun
986 3093 1101 3171 potest.
1119 3124 1161 3132 —
1176 3087 1215 3152 V.
1236 3093 1254 3150 5
1270 3085 1355 3170 apud

221 3187 404 3254 Kaibelium
422 3187 652 3276 ἒξεφθέγξατσ
672 3190 893 3274 corrigendum
909 3197 969 3254 est.
985 3228 1026 3236 —
1041 3189 1078 3254 V.
1091 3193 1110 3252 9
1128 3187 1213 3276 ἒπὶφ
1226 3177 1251 3275 ’ᾗ
1266 3184 1355 3274 ὥραν

220 3291 401 3373 tunditur,
421 3293 474 3375 qui
490 3292 560 3358 dies
571 3299 621 3358 est
632 3293 751 3358 mensis
766 3293 851 3358 Iunii
866 3292 1169 3372 duodetricesimum
1188 3293 1230 3357 ad
1246 3293 1355 3376 desig-

219 3395 360 3460 nandam
376 3396 497 3478 horam,
516 3417 580 3480 qua
598 3397 749 3462 Memnon
765 3397 968 3478 audiebatur,
995 3396 1196 3462 accusativus
1210 3395 1270 3462 hoc
1287 3397 1355 3460 solu

220 3499 290 3563 loco
304 3499 485 3566 adhibetur.
505 3501 637 3566 -Ellis
652 3519 722 3565 curn
739 3500 839 3564 malos
856 3499 977 3565 Celeris
992 3519 1104 3565 versus
1119 3500 1306 3565 emendaret
1317 3503 1350 3582 ¹),

219 3621 282 3666 nan
298 3602 512 3668 consideravit
526 3623 654 3670 carmen
668 3603 827 3686 integrum
844 3603 994 3669 traditum
1010 3623 1093 3668 esse.

556 3877 732 3946 Balbillas
747 3774 1013 3961 sdigrummatu.

306 4015 458 4081 Carmina
473 4017 567 4082 Kaib.
587 4037 619 4081 n.
631 4019 802 4082 988-992
818 4025 850 4083 et
864 4017 935 4102 ipso
950 4017 1075 4083 dicendi
1091 4037 1210 4101 genere
1226 4024 1259 4084 et
1274 4026 1356 4085 tem-

221 4139 311 4203 pore,
341 4139 402 4204 quo
427 4119 533 4186 incisa
559 4127 647 4204 sunt,
678 4121 785 4186 omniu
805 4120 941 4186 eundem
968 4127 1127 4186 auctorem
1155 4123 1351 4206 profitentur,

291 4313 306 4365 ¹)
330 4311 443 4366 Hermes
458 4309 525 4364 XIV
539 4327 564 4378 p.
582 4311 641 4362 260.
