3274 4934
628 437 671 446 -
718 400 802 482 [213]
849 437 892 446 -
1284 401 1318 462 ιι

276 585 433 654 Christian
459 594 569 654 contra
600 588 649 671 (de
673 609 706 654 re
729 589 861 656 metrica
883 589 935 656 ed.
960 589 992 654 Il
1014 611 1045 674 p.
1068 591 1137 673 lor)
1172 589 1323 655 elisiones

189 691 318 776 quidem
347 690 498 774 removit,
532 691 589 758 sed
611 691 750 777 quinque
773 693 851 760 locis
874 712 987 759 versus
1009 691 1149 777 incipere
1171 713 1192 758 a
1213 697 1259 773 τέ,
1286 691 1323 758 δέ

189 801 221 862 et
242 799 302 878 pol
323 795 487 862 vocabulis
510 795 681 878 contendit,
707 817 786 880 quos
809 798 895 863 locos
918 797 1077 880 Bergkius
1100 803 1132 862 et
1152 796 1324 862 Mommse-

188 919 250 966 nus
272 899 491 967 emendarunt.
539 899 621 966 Sunt
642 907 747 968 autem
771 901 843 984 loci,
870 900 1047 984 dequibus
1070 899 1185 984 agitur,
1211 898 1263 966 bi:

279 1005 306 1086 1)
332 1001 477 1070 01129
505 1003 603 1088 (Chr.)

722 1108 815 1194 φιλεῖ

549 1209 593 1275 δέ
613 1234 669 1276 νιν
690 1208 831 1287 Παλλάς
853 1209 921 1278 αἰεί

189 1317 282 1380 Hunc
303 1334 430 1380 vernum
453 1335 525 1380 cnm
540 1314 745 1400 praecedenti
761 1323 846 1382 recte
862 1316 1092 1382 coniunxerunt
1107 1315 1323 1380 Mommscnus

190 1425 222 1484 et
236 1417 408 1502 Bergkius,
435 1417 468 1483 in
490 1417 583 1485 unico
606 1419 675 1486 loco
689 1419 847 1506 parallelo
870 1441 901 1484 v.
923 1425 960 1484 15
984 1471 990 1484 .
1013 1470 1019 1482 .
1041 1415 1213 1505 ,Ἀλφεοῦ
1229 1418 1232 1504 l
1251 1416 1324 1483 ἰαν-

190 1525 266 1598 θείς
284 1573 291 1585 .
312 1572 319 1586 .
340 1571 361 1604 .,
388 1523 443 1606 qni
458 1523 573 1590 obesse
588 1522 725 1604 videtur,
751 1523 857 1590 hiatus
879 1529 951 1607 post
968 1543 1083 1588 nornen
1098 1522 1260 1608 proprium
1276 1529 1324 1588 tc-

188 1625 284 1690 lerari
305 1631 411 1711 potest
432 1633 488 1693 aut
509 1627 597 1694 facili
620 1627 748 1711 negotio
770 1620 921 1714 f’lirpaot'
947 1625 1080 1702 ἰανθείς
1102 1625 1199 1693 scribi
1225 1622 1323 1710 (ll)

188 1729 268 1794 Xlll
298 1732 338 1792 34
372 1723 555 1796 Θεσσαλοί
590 1724 647 1794 ἐπ’
680 1727 826 1816 Ἀλφεοῦ
863 1737 895 1797 et
923 1749 1007 1814 quae
1035 1729 1079 1796 ad
1107 1729 1191 1795 huno
1219 1729 1323 1794 locum

187 1831 355 1898 adnotavit
376 1833 616 1918 Mommsenus).

274 1934 492 2020 mdfflffi

483 2091 545 2105 ...
568 2089 575 2104 .
600 2038 760 2126 ωορεάειν
782 2038 894 2123 θυμὸς
917 2034 1060 2126 ὥρμαιν’

433 2137 578 2229 Ἰστρίαν
599 2167 653 2211 νιν

274 2249 343 2313 Ηοο
365 2247 435 2314 loco
458 2247 550 2314 elisio
571 2247 803 2314 intolerabilior
824 2269 918 2332 quam
934 2248 1013 2314 alibi
1028 2254 1087 2329 est,
1114 2248 1199 2332 quod
1212 2249 1246 2314 in
1262 2248 1323 2314 fine

187 2352 336 2436 strophae
359 2352 404 2417 fit.
445 2351 577 2416 Summo
598 2350 696 2435 igitur
715 2351 786 2418 iure
801 2351 960 2418 Ohristins
976 2358 1008 2418 et
1022 2352 1239 2418 Mommscnus
1254 2351 1324 2418 edi-

187 2455 302 2522 derunt
324 2448 418 2539 ὥρμα
441 2454 560 2521 codicis
582 2454 611 2520 A
634 2454 769 2522 lectione
791 2461 931 2542 recepta.

274 2560 303 2642 3)
330 2557 426 2624 PIV
452 2561 511 2624 180

482 2665 727 2744 ....ταχέως
750 2655 783 2726 δ’

436 2758 527 2851 ἀμφὶ
548 2769 729 2850 Παγγαίου
750 2766 909 2848 θέμεθλα
936 2814 941 2828 .
964 2815 970 2828 .
992 2815 1026 2828 ..

275 2871 373 2935 Recte
396 2868 579 2934 Boeelrbins
606 2869 726 2936 delevit
747 2869 935 2955 particulam
958 2868 1011 2948 δέ,
1043 2889 1139 2954 quarn
1163 2868 1323 2952 Bergkius

186 2973 315 3040 retinet:
342 2993 416 3037 narn
438 2973 568 3057 saepius
591 2972 709 3038 lactum
731 2979 781 3038 est
803 2979 838 3039 nt
859 2973 1018 3057 asyndeta
1039 2973 1179 3056 genuina
1202 2972 1323 3038 librarii

187 3077 224 3142 δέ
247 3077 406 3162 particula
420 3076 541 3142 inserta
556 3076 704 3160 ligarent,
730 3077 829 3143 veluti
852 3074 878 3142 0
894 3077 909 3141 Ι
925 3080 961 3140 71
983 3073 1079 3162 ἔγγὺς
1095 3076 1114 3141 δ
1121 3071 1129 3095 '
1149 3073 1277 3142 ἐλθών.
1292 3129 1297 3140 .
1314 3129 1319 3139 .

184 3179 334 3246 traditum
358 3187 417 3261 est,
444 3179 499 3245 nbi
522 3178 559 3244 δέ
581 3179 642 3246 eici
664 3187 799 3246 metrum
821 3181 931 3252 iubet..

272 3285 302 3368 4)
329 3282 423 3348 NIV
446 3287 486 3347 ol

341 3393 410 3471 πῦρ
434 3385 470 3450 δὲ
494 3387 686 3472 παγκρατὲς
710 3385 989 3471 θρασυμαχάνων
1011 3384 1195 3452 τελούντων

383 3483 509 3572 ὄνυχας
532 3484 715 3568 ὀξυτάτους
739 3483 850 3572 άκμάν

338 3617 379 3657 τε
403 3590 607 3659 δεινοτάτων
629 3590 772 3674 σχάσαις
795 3587 946 3660 ὀδόντων

382 3695 505 3780 ἔγαμεν
527 3691 735 3784 ’ὑψιθρόνων
756 3701 839 3779 μίαν
865 3698 1056 3785 Νηρεΐδων,

184 3804 274 3868 Hanc
307 3801 477 3868 lectionem
511 3801 661 3868 badiano
696 3801 894 3869 retinuerunt
920 3803 1136 3868 blommsenus
1167 3807 1199 3866 et
1229 3801 1321 3868 Obri-

184 3906 275 3987 stius,
302 3925 494 3989 quamquam
516 3927 580 3973 non
604 3905 707 3970 solum
731 3925 792 3970 vox
815 3905 964 3972 enclitioa
981 3904 1125 3986 offendit,
1152 3905 1210 3971 aed
1226 3906 1321 3972 etiarn

184 4010 312 4094 syllaba
334 4009 441 4075 brevis
464 4033 516 4092 τε,
542 4030 601 4095 pro
623 4029 688 4092 qna
711 4009 859 4076 undecim
882 4009 1015 4076 sedibus
1038 4008 1204 4095 parallelis
1227 4009 1322 4092 longa

184 4119 281 4180 extat.
330 4112 489 4196 Bergkius
522 4119 631 4180 antem
666 4113 794 4197 longam
830 4114 989 4198 syllabam
1019 4113 1138 4199 optime
1168 4113 1316 4194 restituit,

183 4237 255 4283 cum
277 4216 429 4282 scriberet

503 4313 616 4404 άκμάν
637 4313 670 4384 τ’
697 4321 700 4405 l
728 4309 745 4408 ἦ
769 4318 971 4388 δεινοτάτοιν
996 4372 1002 4384 .
1026 4375 1032 4386 .
1055 4373 1081 4404 .,
