3244 4932
714 442 806 526 [1⁶⁷]
1286 455 1327 518 aa

193 641 320 728 pissime
335 636 471 704 occurrit
486 635 614 712 soluta,¹
632 657 671 700 ea
682 640 808 699 nostrae
822 635 936 700 rationi
949 655 1012 700 non
1026 635 1140 714 obstat,
1154 662 1224 706 curu
1237 664 1327 728 pree·

195 745 303 811 sertim
318 743 413 808 etiam
429 741 460 804 in
478 739 623 806 versibus
638 737 780 804 iambicis
798 738 885 803 haud
896 760 967 804 raro
981 740 1150 808 viderimus
1163 765 1329 814 occurrere

193 849 307 928 thesin,
320 853 392 931 post
405 864 499 930 qnam
511 845 589 908 arsis
602 841 721 908 excidit
733 841 802 924 (cfr.
812 864 842 928 p.
855 846 894 910 15
905 849 937 907 et
951 844 1016 925 16),
1027 847 1174 924 solutam,
1185 850 1327 936 inprimis

192 952 296 1018 thesin
311 952 454 1036 primam.
483 949 592 1033 Atque
608 967 678 1012 curn
696 967 743 1028 eo,
761 947 905 1031 quodibi
922 947 1170 1032 observavimus,
1188 955 1327 1040 Aeschy-

192 1056 259 1120 lum
280 1055 498 1140 frequentasse
518 1052 718 1138 potissimum
740 1072 849 1117 versus
873 1051 931 1117 hos
947 1052 987 1116 ab
1003 1055 1065 1118 arsi
1080 1057 1236 1141 producta
1251 1060 1328 1124 inci·

192 1160 325 1244 pientes,
337 1159 480 1245 apprime
492 1157 641 1222 convenit
653 1155 805 1242 Aeschyli
817 1179 892 1223 usus
905 1179 1053 1223 versuum
1070 1160 1327 1230 dochmiacorum

194 1264 257 1328 arsi
278 1264 380 1349 prima
395 1263 549 1348 producta
564 1261 744 1346 insignium,
763 1281 833 1326 cmn
852 1284 869 1326 e
886 1263 948 1326 340
964 1261 1118 1330 dochmiis
1134 1263 1329 1352 Aeschyleis,

193 1367 246 1453 qui
274 1368 376 1453 prime
398 1366 480 1431 thesi
511 1365 617 1429 soluta
646 1372 721 1429 sunt
753 1365 931 1448 conspicui,
962 1367 1023 1430 140
1046 1367 1128 1447 hanc
1157 1369 1329 1436 exhibeant

191 1471 327 1536 formam
341 1507 378 1516 -
396 1507 432 1541 σο
449 1506 489 1516 -
509 1465 587 1552 ΟΨ,
604 1469 695 1536 velut
711 1467 799 1554 Sept.
815 1471 874 1534 130
887 1467 1040 1552 ῥυσίπολις
1056 1478 1145 1552 γενοῦ
1164 1472 1169 1554 l
1188 1472 1328 1554 Παλλάς,

193 1573 209 1640 t
234 1576 268 1640 θ’
281 1575 384 1652 ἵππιος
403 1577 408 1652 l
428 1571 620 1654 ποντομέδων
643 1570 728 1648 ἅναξ.
766 1572 876 1658 Suppl·
893 1575 956 1637 402
972 1571 1154 1659 ἀμφοτέροις
1175 1574 1328 1659 ὁμαιΊμιον

193 1678 262 1744 τάδ’
285 1682 448 1744 ἐπισκοπεῖ.
494 1679 554 1765 Ag.
579 1679 662 1742 1090
683 1674 832 1758 μισόθεον
852 1677 908 1757 μὲν
930 1673 1007 1756 mlv!
1031 1676 1127 1742 rrnlloi
1157 1680 1330 1759 συνίστορα.

193 1783 336 1870 Choeph.
360 1785 422 1847 042
446 1779 635 1847 δεσποσύνων
657 1779 769 1862 δάμιον.
807 1779 898 1846 Eum.
915 1783 977 1846 845
991 1802 999 1842 τ
1012 1783 1074 1846 879
1098 1781 1172 1859 Νύξ·
1191 1782 1253 1848 aiud
1268 1783 1326 1867 γάρ

191 1915 229 1968 με
254 1891 352 1972 τιμᾶν
375 1891 499 1952 δαναιᾶν
521 1892 606 1951 dcciv
627 1886 696 1967 (cfr.
720 1886 783 1952 tab.
806 1885 850 1966 II,
875 1889 891 1949 7
916 1893 948 1950 et
971 1884 1034 1968 9).⁹

294 1991 421 2076 Reliqui
452 1997 566 2076 poetae
596 1991 731 2056 scaenici
761 1997 797 2054 ut
825 1989 926 2054 rarius
949 1990 1092 2056 versibus
1115 1991 1255 2057 iambicis
1285 1992 1328 2058 ab

194 2097 257 2162 arsi
286 2097 385 2180 longa
413 2095 637 2180 incipientibus
664 2094 853 2174 utebantur,
884 2095 928 2158 ita
963 2093 1124 2159 malebant
1153 2116 1173 2159 a
1206 2096 1328 2180 syllaba

194 2201 281 2266 brevi
300 2201 466 2266 dochmios
479 2199 629 2284 incipere,
651 2203 777 2284 praeter
793 2205 918 2262 ceteros
933 2197 1112 2283 Euripides.
1138 2200 1246 2285 quiex
1264 2201 1326 2264 593

192 2306 348 2370 dochmiis
359 2305 442 2368 thesi
454 2303 555 2389 prima
565 2303 633 2367 sola
645 2304 751 2368 solnta
762 2303 950 2388 conspicuis,
962 2303 1016 2388 qui
1028 2309 1164 2367 aetatem
1176 2303 1326 2382 tulerunt,

195 2411 255 2474 106
279 2416 403 2474 tantum
426 2407 509 2471 arsin
531 2407 664 2492 primam
687 2407 875 2493 productam
898 2427 967 2472 esse
990 2407 1100 2472 voluit.
1134 2405 1185 2472 Ex
1201 2411 1241 2472 93
1258 2429 1328 2472 ver·

192 2514 280 2578 sibus
304 2511 500 2598 Sophocleis,
523 2531 659 2596 quorum
682 2512 782 2596 prima
804 2511 903 2576 thesis
920 2519 967 2575 est
982 2511 1097 2593 solute,
1114 2509 1153 2576 37
1172 2513 1326 2579 exhibent

192 2619 276 2682 arsin
300 2615 545 2703 praecedentem
568 2616 706 2701 longam,
730 2635 770 2679 ex
786 2618 828 2679 43
852 2613 1006 2680 dochmiis
1023 2616 1267 2700 Aristophancis
1287 2621 1325 2682 15

192 2718 264 2805 (cfr.
288 2720 351 2784 tab.
375 2718 420 2800 II,
446 2722 462 2783 l
489 2727 522 2784 et
544 2716 590 2801 9).

295 2822 421 2889 Deinde
445 2822 531 2908 quod
554 2823 587 2886 in
608 2823 753 2887 versibus
775 2822 917 2887 iambicis
939 2843 1036 2908 supra
1059 2823 1090 2906 (ξ
1115 2825 1147 2906 7)
1179 2825 1327 2891 observa·

194 2930 295 2994 vimus
319 2935 432 3014 poetes
455 2947 526 2992 raro
544 2947 613 2992 eam
630 2927 743 2996 thesin,
767 2947 849 3012 qnae
867 2928 986 3014 excipit
1008 2929 1091 2992 arsin
1107 2936 1328 3015 syncopatam,

192 3033 292 3098 solam
312 3032 456 3112 solvisse,
475 3033 602 3116 saepius
618 3037 694 3112 tum,
716 3032 744 3096 si
760 3031 853 3095 etiarn
869 3051 907 3096 ca
921 3031 1031 3112 thesis,
1054 3053 1137 3118 qnae
1155 3033 1327 3118 praecedit,

193 3144 241 3201 cst
263 3136 377 3217 soluta,
401 3134 486 3200 idem
510 3135 606 3199 etiam
629 3135 660 3198 in
686 3135 832 3200 versibus
862 3134 1055 3200 dochmiacis
1086 3139 1230 3202 occurrit.
1275 3136 1325 3201 Ex

194 3243 276 3306 1900
292 3239 457 3322 dochmiis,
473 3239 527 3324 qui
541 3239 572 3304 in
586 3239 700 3304 fabulis
716 3245 883 3325 poctarum
896 3240 1114 3306 scaenicorum
1126 3261 1325 3324 graecorum,

191 3345 222 3412 in
247 3344 359 3430 quibus
382 3342 546 3428 proprium
569 3349 664 3428 atque
686 3343 893 3428 praecipuum
916 3343 1021 3407 locum
1045 3364 1100 3408 eos
1115 3343 1234 3408 habere
1251 3365 1325 3410 eon·

192 3456 266 3527 stat,
288 3450 439 3533 leguntur
462 3447 539 3528 (505
563 3447 596 3510 in
617 3445 813 3531 Aeschyleis‚
836 3448 899 3510 244
922 3446 953 3509 in
973 3445 1171 3530 Sophocleis,
1196 3448 1278 3512 1060
1294 3448 1325 3512 in

296 3627 305 3661 ¹
326 3623 427 3686 Christ,
446 3621 539 3674 Μαι)
557 3639 583 3689 p.
601 3619 752 3686 tae-4373
779 3621 928 3684 Rossbach,
947 3620 1055 3673 Griech.
1074 3619 1202 3687 Rhythnr.
1222 3635 1247 3686 p·
1268 3617 1324 3674 160.

192 3709 285 3763 litetr.²
304 3725 329 3777 p.
348 3709 406 3763 608.

295 3799 306 3833 ²
325 3797 382 3850 Hor
402 3811 494 3849 versus
512 3810 567 3846 non
582 3791 716 3860 tripediae
729 3793 861 3845 iambicas
875 3807 943 3858 esse,
964 3809 1034 3860 quae
1048 3793 1159 3846 diiambi
1172 3791 1250 3860 primi
1263 3793 1325 3846 loco

191 3884 380 3938 choriambum
399 3883 558 3950 praebeant,
584 3895 616 3933 eo
636 3880 701 3932 mihi
721 3880 833 3947 probari
859 3879 977 3940 videtur,
1003 3879 1076 3948 quod
1101 3880 1206 3932 nullum
1231 3896 1324 3934 eornm

191 3971 343 4038 exemplum
363 3969 484 4022 occurrit
502 3968 530 4019 in
553 3966 680 4034 strophis,
706 3983 777 4034 quae
802 3965 933 4018 dochmiia
958 3973 1056 4019 carent
1074 3967 1163 4018 forms
1185 3965 1326 4020 holcclere

191 4058 352 4124 insignibus.
390 4056 517 4121 Omnino,
536 4055 558 4106 si
579 4053 717 4122 tripediae
736 4055 871 4108 iambicac
890 4055 918 4106 in
938 4057 1005 4106 duas
1023 4057 1116 4121 partes
1135 4054 1220 4106 rolin
1237 4052 1325 4106 thesin

192 4149 219 4195 et
244 4143 318 4195 arsin
343 4139 527 4194 secernendae
557 4145 635 4205 sunt,
664 4141 728 4193 mihi
753 4139 861 4192 videtur
893 4156 940 4208 pes
971 4142 1073 4206 primus
1099 4139 1211 4192 efficere
1241 4139 1324 4208 arsin,

191 4228 277 4297 podes
295 4225 431 4280 secundus
451 4230 478 4277 st
497 4227 593 4279 tertius
622 4227 718 4291 thesin,
743 4231 773 4279 ut
799 4227 825 4278 in
851 4225 903 4279 hoc
930 4229 1064 4280 versiculo
1090 4227 1205 4280 iambico
1230 4225 1325 4279 eadem

192 4315 265 4369 ratio
284 4315 376 4366 valent
395 4317 478 4380 atque
497 4313 526 4364 in
544 4313 660 4380 singulis
679 4313 775 4365 iambis
794 4318 821 4365 et
846 4313 874 4364 in
892 4314 1021 4368 trimetris
1045 4313 1177 4372 iambicis,
1201 4317 1231 4366 ut
1256 4314 1326 4366 arsis

191 4400 360 4470 praecedens
378 4415 437 4451 cum
457 4399 524 4451 thesi
544 4399 669 4468 sequenti
689 4399 761 4452 hanc
780 4399 917 4452 rationem
936 4401 1039 4454 efficiat
1058 4399 1123 4454 l:2.
