<?xml version="1.0" encoding="UTF-8"?>
<!DOCTYPE html PUBLIC "-//W3C//DTD XHTML 1.0 Transitional//EN"
    "http://www.w3.org/TR/xhtml1/DTD/xhtml1-transitional.dtd">
<html xmlns="http://www.w3.org/1999/xhtml" xml:lang="en" lang="en">
 <head>
  <title>
</title>
<meta http-equiv="Content-Type" content="text/html;charset=utf-8" />
  <meta name='ocr-system' content='tesseract 3.04.00' />
  <meta name='ocr-capabilities' content='ocr_page ocr_carea ocr_par ocr_line ocrx_word'/>
</head>
<body>
  <div class='ocr_page' id='page_1' title='image "./dissertationesp02stragoog_0585.png"; bbox 0 0 3226 4932; ppageno 0'>
   <div class='ocr_carea' id='block_1_1' title="bbox 289 413 985 496">
    <p class='ocr_par' dir='ltr' id='par_1_1' title="bbox 289 413 985 496">
     <span class='ocr_line' id='line_1_1' title="bbox 289 413 985 496; baseline 0.001 -19"><span class='ocrx_word' id='word_1_1' title='bbox 289 413 330 477; x_wconf 87' lang='lat' dir='ltr'><strong>ss</strong></span> <span class='ocrx_word' id='word_1_2' title='bbox 719 449 763 460; x_wconf 90' lang='lat'>-</span> <span class='ocrx_word' id='word_1_3' title='bbox 810 415 894 496; x_wconf 72' lang='lat' dir='ltr'><strong>[noo]</strong></span> <span class='ocrx_word' id='word_1_4' title='bbox 942 452 985 462; x_wconf 86' lang='lat'><em>-</em></span> 
     </span>
    </p>
   </div>
   <div class='ocr_carea' id='block_1_2' title="bbox 286 601 1438 978">
    <p class='ocr_par' dir='ltr' id='par_1_2' title="bbox 286 601 1438 978">
     <span class='ocr_line' id='line_1_2' title="bbox 288 601 1436 687; baseline -0.005 -17"><span class='ocrx_word' id='word_1_5' title='bbox 288 603 358 670; x_wconf 88' lang='lat' dir='ltr'><strong>dari</strong></span> <span class='ocrx_word' id='word_1_6' title='bbox 381 602 414 668; x_wconf 92' lang='lat' dir='ltr'><strong>in</strong></span> <span class='ocrx_word' id='word_1_7' title='bbox 437 601 578 687; x_wconf 86' lang='lat' dir='ltr'><strong>strophis</strong></span> <span class='ocrx_word' id='word_1_8' title='bbox 601 601 718 667; x_wconf 86' lang='lat' dir='ltr'><strong>doricis</strong></span> <span class='ocrx_word' id='word_1_9' title='bbox 742 602 964 669; x_wconf 72' lang='lat' dir='ltr'><strong>construendis</strong></span> <span class='ocrx_word' id='word_1_10' title='bbox 987 610 1115 669; x_wconf 88' lang='lat' dir='ltr'><strong>secutus</strong></span> <span class='ocrx_word' id='word_1_11' title='bbox 1137 610 1195 686; x_wconf 85' lang='lat' dir='ltr'><strong>est,</strong></span> <span class='ocrx_word' id='word_1_12' title='bbox 1223 604 1256 668; x_wconf 95' lang='lat' dir='ltr'><strong>in</strong></span> <span class='ocrx_word' id='word_1_13' title='bbox 1276 606 1317 668; x_wconf 87' lang='grc'><strong>36</strong></span> <span class='ocrx_word' id='word_1_14' title='bbox 1333 621 1377 668; x_wconf 82' lang='lat' dir='ltr'><strong>ex</strong></span> <span class='ocrx_word' id='word_1_15' title='bbox 1392 605 1436 665; x_wconf 78' lang='grc'><strong>49</strong></span> 
     </span>
     <span class='ocr_line' id='line_1_3' title="bbox 288 704 1438 790; baseline 0 -20"><span class='ocrx_word' id='word_1_16' title='bbox 288 705 476 789; x_wconf 82' lang='lat' dir='ltr'>fragmentis</span> <span class='ocrx_word' id='word_1_17' title='bbox 499 704 608 770; x_wconf 86' lang='lat' dir='ltr'><strong>dorica</strong></span> <span class='ocrx_word' id='word_1_18' title='bbox 630 704 762 790; x_wconf 88' lang='lat' dir='ltr'><strong>stropha</strong></span> <span class='ocrx_word' id='word_1_19' title='bbox 784 706 883 772; x_wconf 86' lang='lat' dir='ltr'><strong>utitur</strong></span> <span class='ocrx_word' id='word_1_20' title='bbox 905 706 1030 788; x_wconf 89' lang='lat' dir='ltr'><strong>eadem,</strong></span> <span class='ocrx_word' id='word_1_21' title='bbox 1056 726 1122 790; x_wconf 89' lang='lat' dir='ltr'><strong>qua</strong></span> <span class='ocrx_word' id='word_1_22' title='bbox 1143 706 1315 772; x_wconf 79' lang='lat' dir='ltr'>Pindarus.</span> <span class='ocrx_word' id='word_1_23' title='bbox 1355 706 1438 790; x_wconf 80' lang='lat' dir='ltr'><strong>Epi-</strong></span> 
     </span>
     <span class='ocr_line' id='line_1_4' title="bbox 287 808 1435 892; baseline 0 -19"><span class='ocrx_word' id='word_1_24' title='bbox 287 809 396 874; x_wconf 87' lang='lat' dir='ltr'><strong>tritum</strong></span> <span class='ocrx_word' id='word_1_25' title='bbox 419 815 526 874; x_wconf 88' lang='lat' dir='ltr'><strong>autem</strong></span> <span class='ocrx_word' id='word_1_26' title='bbox 550 815 759 892; x_wconf 76' lang='lat' dir='ltr'><strong>syncopatum</strong></span> <span class='ocrx_word' id='word_1_27' title='bbox 781 809 814 874; x_wconf 95' lang='lat' dir='ltr'><strong>in</strong></span> <span class='ocrx_word' id='word_1_28' title='bbox 838 817 982 875; x_wconf 81' lang='lat' dir='ltr'><strong>extremo</strong></span> <span class='ocrx_word' id='word_1_29' title='bbox 1005 829 1101 876; x_wconf 84' lang='lat' dir='ltr'><strong>versu</strong></span> <span class='ocrx_word' id='word_1_30' title='bbox 1124 810 1279 876; x_wconf 83' lang='lat' dir='ltr'><strong>adhibere</strong></span> <span class='ocrx_word' id='word_1_31' title='bbox 1302 808 1435 875; x_wconf 87' lang='lat' dir='ltr'><strong>videtur</strong></span> 
     </span>
     <span class='ocr_line' id='line_1_5' title="bbox 286 913 391 978; baseline -0.029 0"><span class='ocrx_word' id='word_1_32' title='bbox 286 913 326 978; x_wconf 83' lang='lat' dir='ltr'><strong>fr.</strong></span> <span class='ocrx_word' id='word_1_33' title='bbox 353 917 391 975; x_wconf 78' lang='lat'><strong>2:</strong></span> 
     </span>
    </p>
   </div>
   <div class='ocr_carea' id='block_1_3' title="bbox 479 1009 861 1078">
    <p class='ocr_par' dir='ltr' id='par_1_3' title="bbox 479 1009 861 1078">
     <span class='ocr_line' id='line_1_6' title="bbox 479 1009 861 1078; baseline 0.006 -2.238"><span class='ocrx_word' id='word_1_34' title='bbox 479 1009 749 1076; x_wconf 61' lang='lat' dir='ltr'><strong>LW-Wi-i&#39;.</strong></span> <span class='ocrx_word' id='word_1_35' title='bbox 776 1021 861 1078; x_wconf 50' lang='grc' dir='ltr'><strong>ΥλΑ</strong></span> 
     </span>
    </p>
   </div>
   <div class='ocr_carea' id='block_1_4' title="bbox 285 1024 1432 1730">
    <p class='ocr_par' dir='ltr' id='par_1_4' title="bbox 442 1024 1268 1213">
     <span class='ocr_line' id='line_1_7' title="bbox 442 1024 1268 1213; baseline 0.001 -22.036"><span class='ocrx_word' id='word_1_36' title='bbox 442 1119 523 1213; x_wconf 80' lang='grc' dir='ltr'><em>μηδ’</em></span> <span class='ocrx_word' id='word_1_37' title='bbox 550 1119 665 1190; x_wconf 79' lang='grc' dir='ltr'><em>ἀελίου</em></span> <span class='ocrx_word' id='word_1_38' title='bbox 688 1024 950 1212; x_wconf 76' lang='grc' dir='ltr'><strong><em>προσιδεῖν</em></strong></span> <span class='ocrx_word' id='word_1_39' title='bbox 888 1132 1036 1213; x_wconf 79' lang='grc' dir='ltr'><em>φέγγος.</em></span> <span class='ocrx_word' id='word_1_40' title='bbox 1009 1075 1268 1210; x_wconf 48' lang='lat' dir='ltr'><strong>mdiyieo5...</strong></span> 
     </span>
    </p>

    <p class='ocr_par' dir='ltr' id='par_1_5' title="bbox 285 1229 1432 1730">
     <span class='ocr_line' id='line_1_8' title="bbox 374 1229 1432 1315; baseline -0.002 -19"><span class='ocrx_word' id='word_1_41' title='bbox 374 1231 439 1297; x_wconf 87' lang='lat' dir='ltr'><strong>Sed</strong></span> <span class='ocrx_word' id='word_1_42' title='bbox 462 1251 534 1296; x_wconf 90' lang='lat' dir='ltr'><strong>cum</strong></span> <span class='ocrx_word' id='word_1_43' title='bbox 557 1231 617 1296; x_wconf 93' lang='lat' dir='ltr'><strong>hoc</strong></span> <span class='ocrx_word' id='word_1_44' title='bbox 639 1229 854 1313; x_wconf 82' lang='lat' dir='ltr'><strong>fragmentum</strong></span> <span class='ocrx_word' id='word_1_45' title='bbox 878 1251 898 1295; x_wconf 91' lang='lat' dir='ltr'><strong>a</strong></span> <span class='ocrx_word' id='word_1_46' title='bbox 921 1231 1069 1310; x_wconf 84' lang='lat' dir='ltr'><strong>Stobaeo‚</strong></span> <span class='ocrx_word' id='word_1_47' title='bbox 1096 1231 1161 1315; x_wconf 88' lang='lat' dir='ltr'><strong>qui,</strong></span> <span class='ocrx_word' id='word_1_48' title='bbox 1188 1232 1373 1314; x_wconf 90' lang='lat' dir='ltr'><strong>ubicunque</strong></span> <span class='ocrx_word' id='word_1_49' title='bbox 1397 1231 1432 1310; x_wconf 46' lang='lat' dir='ltr'><strong>in,</strong></span> 
     </span>
     <span class='ocr_line' id='line_1_9' title="bbox 288 1333 1431 1420; baseline -0.002 -19"><span class='ocrx_word' id='word_1_50' title='bbox 288 1334 417 1400; x_wconf 89' lang='lat' dir='ltr'><strong>Pindari</strong></span> <span class='ocrx_word' id='word_1_51' title='bbox 440 1333 628 1417; x_wconf 77' lang='lat' dir='ltr'><strong>fragmentis</strong></span> <span class='ocrx_word' id='word_1_52' title='bbox 650 1341 779 1417; x_wconf 86' lang='lat' dir='ltr'><strong>praeter</strong></span> <span class='ocrx_word' id='word_1_53' title='bbox 802 1354 874 1400; x_wconf 91' lang='lat' dir='ltr'><strong>eum</strong></span> <span class='ocrx_word' id='word_1_54' title='bbox 898 1335 954 1399; x_wconf 91' lang='lat' dir='ltr'><strong>alii</strong></span> <span class='ocrx_word' id='word_1_55' title='bbox 977 1342 1076 1400; x_wconf 85' lang='lat' dir='ltr'><strong>testes</strong></span> <span class='ocrx_word' id='word_1_56' title='bbox 1098 1342 1226 1420; x_wconf 87' lang='lat' dir='ltr'><strong>praesto</strong></span> <span class='ocrx_word' id='word_1_57' title='bbox 1242 1341 1328 1417; x_wconf 77' lang='lat' dir='ltr'><strong>sunt,</strong></span> <span class='ocrx_word' id='word_1_58' title='bbox 1355 1355 1431 1420; x_wconf 89' lang='lat' dir='ltr'><strong>pes-</strong></span> 
     </span>
     <span class='ocr_line' id='line_1_10' title="bbox 290 1437 1428 1520; baseline -0.003 -15"><span class='ocrx_word' id='word_1_59' title='bbox 290 1439 390 1505; x_wconf 89' lang='lat' dir='ltr'><strong>simus</strong></span> <span class='ocrx_word' id='word_1_60' title='bbox 412 1437 505 1502; x_wconf 84' lang='lat' dir='ltr'><strong>testis</strong></span> <span class='ocrx_word' id='word_1_61' title='bbox 527 1457 599 1502; x_wconf 88' lang='lat' dir='ltr'><strong>esse</strong></span> <span class='ocrx_word' id='word_1_62' title='bbox 623 1437 715 1518; x_wconf 81' lang='lat' dir='ltr'><strong>solet,</strong></span> <span class='ocrx_word' id='word_1_63' title='bbox 742 1437 922 1503; x_wconf 87' lang='lat' dir='ltr'><strong>sentcntiae</strong></span> <span class='ocrx_word' id='word_1_64' title='bbox 944 1459 1008 1504; x_wconf 89' lang='lat' dir='ltr'><strong>non</strong></span> <span class='ocrx_word' id='word_1_65' title='bbox 1031 1439 1123 1504; x_wconf 88' lang='lat' dir='ltr'><strong>metri</strong></span> <span class='ocrx_word' id='word_1_66' title='bbox 1148 1458 1248 1504; x_wconf 86' lang='lat' dir='ltr'><strong>causa</strong></span> <span class='ocrx_word' id='word_1_67' title='bbox 1269 1438 1428 1520; x_wconf 70' lang='lat' dir='ltr'><strong>nodatur,</strong></span> 
     </span>
     <span class='ocr_line' id='line_1_11' title="bbox 287 1541 1430 1626; baseline 0.001 -20"><span class='ocrx_word' id='word_1_68' title='bbox 287 1549 422 1608; x_wconf 85' lang='lat' dir='ltr'><strong>metrum</strong></span> <span class='ocrx_word' id='word_1_69' title='bbox 446 1547 566 1606; x_wconf 84' lang='lat' dir='ltr'><strong>certum</strong></span> <span class='ocrx_word' id='word_1_70' title='bbox 589 1560 651 1605; x_wconf 90' lang='lat' dir='ltr'><strong>nou</strong></span> <span class='ocrx_word' id='word_1_71' title='bbox 674 1547 734 1620; x_wconf 82' lang='lat' dir='ltr'><strong>est,</strong></span> <span class='ocrx_word' id='word_1_72' title='bbox 761 1560 832 1606; x_wconf 93' lang='lat' dir='ltr'><strong>cum</strong></span> <span class='ocrx_word' id='word_1_73' title='bbox 856 1541 1046 1625; x_wconf 83' lang='lat' dir='ltr'><strong>praesertim</strong></span> <span class='ocrx_word' id='word_1_74' title='bbox 1068 1541 1310 1626; x_wconf 87' lang='lat' dir='ltr'><strong>transponendo</strong></span> <span class='ocrx_word' id='word_1_75' title='bbox 1332 1561 1430 1607; x_wconf 87' lang='lat' dir='ltr'><strong>voca-</strong></span> 
     </span>
     <span class='ocr_line' id='line_1_12' title="bbox 285 1644 1426 1730; baseline -0.004 -18"><span class='ocrx_word' id='word_1_76' title='bbox 285 1647 361 1712; x_wconf 92' lang='lat' dir='ltr'><strong>bulo</strong></span> <span class='ocrx_word' id='word_1_77' title='bbox 385 1649 510 1730; x_wconf 77' lang='grc' dir='ltr'><em>φέγγος</em></span> <span class='ocrx_word' id='word_1_78' title='bbox 537 1644 691 1710; x_wconf 86' lang='lat' dir='ltr'><strong>facillimo</strong></span> <span class='ocrx_word' id='word_1_79' title='bbox 713 1645 842 1727; x_wconf 85' lang='lat' dir='ltr'><strong>negotio</strong></span> <span class='ocrx_word' id='word_1_80' title='bbox 864 1645 1072 1710; x_wconf 83' lang='lat' dir='ltr'><strong>concinnatur</strong></span> <span class='ocrx_word' id='word_1_81' title='bbox 1093 1651 1226 1710; x_wconf 90' lang='lat' dir='ltr'><strong>metrum</strong></span> <span class='ocrx_word' id='word_1_82' title='bbox 1251 1645 1426 1709; x_wconf 83' lang='lat' dir='ltr'><strong>usitatum:</strong></span> 
     </span>
    </p>
   </div>
   <div class='ocr_carea' id='block_1_5' title="bbox 517 1765 973 1850">
    <p class='ocr_par' dir='ltr' id='par_1_6' title="bbox 517 1765 973 1850">
     <span class='ocr_line' id='line_1_13' title="bbox 517 1765 973 1850; baseline 0 -38"><span class='ocrx_word' id='word_1_83' title='bbox 517 1765 973 1850; x_wconf 56' lang='grc' dir='ltr'><strong>...ἱ--.ὐυυυυΛίυ</strong></span> 
     </span>
    </p>
   </div>
   <div class='ocr_carea' id='block_1_6' title="bbox 439 1814 1282 1955">
    <p class='ocr_par' dir='ltr' id='par_1_7' title="bbox 439 1814 1282 1955">
     <span class='ocr_line' id='line_1_14' title="bbox 439 1814 1282 1955; baseline 0 -23"><span class='ocrx_word' id='word_1_84' title='bbox 439 1868 523 1955; x_wconf 74' lang='grc' dir='ltr'><strong>μηδὲ</strong></span> <span class='ocrx_word' id='word_1_85' title='bbox 547 1873 671 1954; x_wconf 81' lang='grc' dir='ltr'><em>φέγγος</em></span> <span class='ocrx_word' id='word_1_86' title='bbox 695 1862 810 1932; x_wconf 82' lang='grc' dir='ltr'><em>ἀελίου</em></span> <span class='ocrx_word' id='word_1_87' title='bbox 833 1814 1055 1952; x_wconf 40' lang='grc' dir='ltr'><em>προσιδεῖν.</em></span> <span class='ocrx_word' id='word_1_88' title='bbox 1059 1814 1282 1950; x_wconf 73' lang='grc' dir='ltr'><em>ιλλβιος...</em></span> 
     </span>
    </p>
   </div>
   <div class='ocr_carea' id='block_1_7' title="bbox 275 1971 1438 4181">
    <p class='ocr_par' dir='ltr' id='par_1_8' title="bbox 371 1971 1433 2056">
     <span class='ocr_line' id='line_1_15' title="bbox 371 1971 1433 2056; baseline -0.003 -16"><span class='ocrx_word' id='word_1_89' title='bbox 371 1973 461 2040; x_wconf 89' lang='lat' dir='ltr'><strong>Idem</strong></span> <span class='ocrx_word' id='word_1_90' title='bbox 482 1972 697 2056; x_wconf 89' lang='lat' dir='ltr'><strong>Bacchylides</strong></span> <span class='ocrx_word' id='word_1_91' title='bbox 720 1971 881 2056; x_wconf 86' lang='lat' dir='ltr'><strong>epitritum</strong></span> <span class='ocrx_word' id='word_1_92' title='bbox 905 1978 1116 2056; x_wconf 82' lang='lat' dir='ltr'><strong>syncopatum</strong></span> <span class='ocrx_word' id='word_1_93' title='bbox 1139 1971 1311 2037; x_wconf 87' lang='lat' dir='ltr'><strong>admisisse</strong></span> <span class='ocrx_word' id='word_1_94' title='bbox 1335 1972 1433 2038; x_wconf 87' lang='lat' dir='ltr'><strong>vide-</strong></span> 
     </span>
    </p>

    <p class='ocr_par' dir='ltr' id='par_1_9' title="bbox 282 2075 1067 2159">
     <span class='ocr_line' id='line_1_16' title="bbox 282 2075 1067 2159; baseline -0.009 -15"><span class='ocrx_word' id='word_1_95' title='bbox 282 2087 334 2144; x_wconf 91' lang='lat' dir='ltr'><strong>tur</strong></span> <span class='ocrx_word' id='word_1_96' title='bbox 355 2079 445 2144; x_wconf 90' lang='lat' dir='ltr'><strong>initio</strong></span> <span class='ocrx_word' id='word_1_97' title='bbox 469 2095 582 2142; x_wconf 87' lang='lat' dir='ltr'><strong>versus</strong></span> <span class='ocrx_word' id='word_1_98' title='bbox 604 2083 679 2140; x_wconf 88' lang='lat' dir='ltr'><strong>ante</strong></span> <span class='ocrx_word' id='word_1_99' title='bbox 702 2075 862 2159; x_wconf 88' lang='lat' dir='ltr'><strong>epitritum</strong></span> <span class='ocrx_word' id='word_1_100' title='bbox 885 2075 925 2140; x_wconf 88' lang='lat' dir='ltr'><strong>fr.</strong></span> <span class='ocrx_word' id='word_1_101' title='bbox 955 2079 1003 2156; x_wconf 86' lang='lat'><strong>13,</strong></span> <span class='ocrx_word' id='word_1_102' title='bbox 1031 2078 1067 2138; x_wconf 81' lang='lat'><strong>2:</strong></span> 
     </span>
    </p>

    <p class='ocr_par' dir='ltr' id='par_1_10' title="bbox 528 2183 978 2277">
     <span class='ocr_line' id='line_1_17' title="bbox 528 2183 978 2277; baseline -0.007 -27"><span class='ocrx_word' id='word_1_103' title='bbox 528 2183 552 2250; x_wconf 78' lang='grc' dir='ltr'><strong>ι’.</strong></span> <span class='ocrx_word' id='word_1_104' title='bbox 574 2195 876 2254; x_wconf 57' lang='lat' dir='ltr'><strong>u-&#39;v--Lvu</strong></span> <span class='ocrx_word' id='word_1_105' title='bbox 897 2199 978 2277; x_wconf 59' lang='lat' dir='ltr'><strong>-ut</strong></span> 
     </span>
    </p>

    <p class='ocr_par' dir='ltr' id='par_1_11' title="bbox 280 2291 1433 2698">
     <span class='ocr_line' id='line_1_18' title="bbox 529 2291 1160 2382; baseline 0 -20"><span class='ocrx_word' id='word_1_106' title='bbox 529 2299 679 2364; x_wconf 82' lang='grc' dir='ltr'><em>πλοῦτον</em></span> <span class='ocrx_word' id='word_1_107' title='bbox 701 2300 758 2363; x_wconf 89' lang='grc' dir='ltr'><strong>καὶ</strong></span> <span class='ocrx_word' id='word_1_108' title='bbox 780 2295 1017 2382; x_wconf 80' lang='grc' dir='ltr'><em>μελιγλώσσων</em></span> <span class='ocrx_word' id='word_1_109' title='bbox 1040 2291 1160 2362; x_wconf 81' lang='grc' dir='ltr'><em>ἀοιδᾶν</em></span> 
     </span>
     <span class='ocr_line' id='line_1_19' title="bbox 283 2397 1432 2486; baseline -0.006 -14"><span class='ocrx_word' id='word_1_110' title='bbox 283 2405 342 2472; x_wconf 92' lang='lat' dir='ltr'><strong>sed</strong></span> <span class='ocrx_word' id='word_1_111' title='bbox 364 2405 519 2480; x_wconf 81' lang='lat' dir='ltr'><strong>fortasse,</strong></span> <span class='ocrx_word' id='word_1_112' title='bbox 553 2409 588 2468; x_wconf 88' lang='lat' dir='ltr'><strong>ut</strong></span> <span class='ocrx_word' id='word_1_113' title='bbox 610 2403 792 2468; x_wconf 85' lang='lat' dir='ltr'><strong>Boeckhius</strong></span> <span class='ocrx_word' id='word_1_114' title='bbox 815 2403 967 2484; x_wconf 85' lang='lat' dir='ltr'><strong>coniecit,</strong></span> <span class='ocrx_word' id='word_1_115' title='bbox 1000 2406 1057 2466; x_wconf 88' lang='grc' dir='ltr'><strong>καί</strong></span> <span class='ocrx_word' id='word_1_116' title='bbox 1079 2401 1239 2486; x_wconf 88' lang='lat' dir='ltr'><strong>particula</strong></span> <span class='ocrx_word' id='word_1_117' title='bbox 1262 2401 1371 2468; x_wconf 84' lang='lat' dir='ltr'><strong>eiecta</strong></span> <span class='ocrx_word' id='word_1_118' title='bbox 1397 2397 1432 2465; x_wconf 76' lang='grc' dir='ltr'><strong>τ’</strong></span> 
     </span>
     <span class='ocr_line' id='line_1_20' title="bbox 281 2503 1433 2595; baseline -0.002 -21"><span class='ocrx_word' id='word_1_119' title='bbox 281 2516 353 2595; x_wconf 90' lang='lat' dir='ltr'><strong>post</strong></span> <span class='ocrx_word' id='word_1_120' title='bbox 374 2503 611 2591; x_wconf 78' lang='grc' dir='ltr'><em>μελιγλώσσων</em></span> <span class='ocrx_word' id='word_1_121' title='bbox 633 2505 818 2572; x_wconf 85' lang='lat' dir='ltr'><strong>addendum</strong></span> <span class='ocrx_word' id='word_1_122' title='bbox 841 2513 901 2588; x_wconf 82' lang='lat' dir='ltr'><strong>est,</strong></span> <span class='ocrx_word' id='word_1_123' title='bbox 928 2513 962 2572; x_wconf 92' lang='lat' dir='ltr'><strong>ut</strong></span> <span class='ocrx_word' id='word_1_124' title='bbox 983 2512 1119 2572; x_wconf 87' lang='lat' dir='ltr'><strong>metrum</strong></span> <span class='ocrx_word' id='word_1_125' title='bbox 1143 2504 1333 2570; x_wconf 85' lang='lat' dir='ltr'><strong>restituatur</strong></span> <span class='ocrx_word' id='word_1_126' title='bbox 1356 2527 1433 2572; x_wconf 87' lang='lat' dir='ltr'><strong>ma-</strong></span> 
     </span>
     <span class='ocr_line' id='line_1_21' title="bbox 280 2611 522 2698; baseline -0.017 -20"><span class='ocrx_word' id='word_1_127' title='bbox 280 2613 331 2698; x_wconf 86' lang='lat' dir='ltr'><strong>gis</strong></span> <span class='ocrx_word' id='word_1_128' title='bbox 354 2611 522 2677; x_wconf 86' lang='lat' dir='ltr'><strong>usitatum:</strong></span> 
     </span>
    </p>

    <p class='ocr_par' dir='ltr' id='par_1_12' title="bbox 531 2719 924 2804">
     <span class='ocr_line' id='line_1_22' title="bbox 531 2719 924 2804; baseline -0.003 -37"><span class='ocrx_word' id='word_1_129' title='bbox 531 2719 924 2804; x_wconf 38' lang='lat' dir='ltr'><strong>-.Nudum-si</strong></span> 
     </span>
    </p>

    <p class='ocr_par' dir='ltr' id='par_1_13' title="bbox 531 2816 1151 2907">
     <span class='ocr_line' id='line_1_23' title="bbox 531 2816 1151 2907; baseline -0.002 -22"><span class='ocrx_word' id='word_1_130' title='bbox 531 2824 681 2889; x_wconf 79' lang='grc' dir='ltr'><em>πλοῦτον</em></span> <span class='ocrx_word' id='word_1_131' title='bbox 702 2819 940 2907; x_wconf 84' lang='grc' dir='ltr'><em>μελιγλώσσων</em></span> <span class='ocrx_word' id='word_1_132' title='bbox 962 2817 994 2885; x_wconf 78' lang='grc' dir='ltr'><strong>τ’</strong></span> <span class='ocrx_word' id='word_1_133' title='bbox 1020 2816 1151 2888; x_wconf 80' lang='grc' dir='ltr'><em>ἀοιδᾶν.</em></span> 
     </span>
    </p>

    <p class='ocr_par' dir='ltr' id='par_1_14' title="bbox 278 2933 1434 3228">
     <span class='ocr_line' id='line_1_24' title="bbox 367 2933 1433 3017; baseline 0.004 -19"><span class='ocrx_word' id='word_1_134' title='bbox 367 2936 404 3000; x_wconf 92' lang='lat' dir='ltr'><strong>In</strong></span> <span class='ocrx_word' id='word_1_135' title='bbox 426 2935 464 2999; x_wconf 87' lang='lat' dir='ltr'><strong>fr.</strong></span> <span class='ocrx_word' id='word_1_136' title='bbox 493 2937 533 2997; x_wconf 81' lang='lat'><strong>22</strong></span> <span class='ocrx_word' id='word_1_137' title='bbox 556 2935 703 3001; x_wconf 89' lang='lat' dir='ltr'><strong>versibus</strong></span> <span class='ocrx_word' id='word_1_138' title='bbox 726 2935 821 3000; x_wconf 88' lang='lat' dir='ltr'><strong>aliter</strong></span> <span class='ocrx_word' id='word_1_139' title='bbox 842 2954 881 3000; x_wconf 88' lang='lat' dir='ltr'><strong>ac</strong></span> <span class='ocrx_word' id='word_1_140' title='bbox 904 2934 979 2999; x_wconf 86' lang='lat' dir='ltr'><strong>fecit</strong></span> <span class='ocrx_word' id='word_1_141' title='bbox 1002 2933 1177 3017; x_wconf 84' lang='lat' dir='ltr'><strong>Bergkius‚</strong></span> <span class='ocrx_word' id='word_1_142' title='bbox 1212 2935 1268 3017; x_wconf 84' lang='lat' dir='ltr'><strong>qui</strong></span> <span class='ocrx_word' id='word_1_143' title='bbox 1294 2955 1433 3002; x_wconf 81' lang='lat' dir='ltr'><strong>versum</strong></span> 
     </span>
     <span class='ocr_line' id='line_1_25' title="bbox 280 3036 1434 3125; baseline 0.001 -21"><span class='ocrx_word' id='word_1_144' title='bbox 280 3039 416 3125; x_wconf 87' lang='lat' dir='ltr'><strong>primum</strong></span> <span class='ocrx_word' id='word_1_145' title='bbox 447 3045 519 3124; x_wconf 88' lang='lat' dir='ltr'><strong>post</strong></span> <span class='ocrx_word' id='word_1_146' title='bbox 545 3036 673 3122; x_wconf 83' lang='grc' dir='ltr'><em>χρυσόν</em></span> <span class='ocrx_word' id='word_1_147' title='bbox 701 3037 840 3115; x_wconf 85' lang='lat' dir='ltr'><strong>claudit,</strong></span> <span class='ocrx_word' id='word_1_148' title='bbox 874 3038 1054 3104; x_wconf 88' lang='lat' dir='ltr'><strong>constitutis</strong></span> <span class='ocrx_word' id='word_1_149' title='bbox 1083 3045 1218 3102; x_wconf 90' lang='lat' dir='ltr'><strong>metrum</strong></span> <span class='ocrx_word' id='word_1_150' title='bbox 1241 3038 1434 3122; x_wconf 80' lang='lat' dir='ltr'><strong>legitimum</strong></span> 
     </span>
     <span class='ocr_line' id='line_1_26' title="bbox 278 3143 549 3228; baseline 0.004 -21"><span class='ocrx_word' id='word_1_151' title='bbox 278 3143 405 3208; x_wconf 86' lang='lat' dir='ltr'><strong>restitui</strong></span> <span class='ocrx_word' id='word_1_152' title='bbox 427 3149 549 3228; x_wconf 87' lang='lat' dir='ltr'><strong>potest:</strong></span> 
     </span>
    </p>

    <p class='ocr_par' dir='ltr' id='par_1_15' title="bbox 451 3251 1420 3544">
     <span class='ocr_line' id='line_1_27' title="bbox 451 3251 1214 3336; baseline -0.003 -34"><span class='ocrx_word' id='word_1_153' title='bbox 451 3293 474 3302; x_wconf 89' lang='lat'>-</span> <span class='ocrx_word' id='word_1_154' title='bbox 490 3272 516 3303; x_wconf 80' lang='grc' dir='ltr'><strong>υ</strong></span> <span class='ocrx_word' id='word_1_155' title='bbox 530 3292 551 3301; x_wconf 93' lang='grc'><strong>..</strong></span> <span class='ocrx_word' id='word_1_156' title='bbox 567 3292 587 3301; x_wconf 93' lang='grc'><strong>-</strong></span> <span class='ocrx_word' id='word_1_157' title='bbox 602 3255 626 3301; x_wconf 88' lang='grc'><strong>.’.</strong></span> <span class='ocrx_word' id='word_1_158' title='bbox 641 3271 667 3302; x_wconf 79' lang='grc' dir='ltr'><strong>υ</strong></span> <span class='ocrx_word' id='word_1_159' title='bbox 685 3273 750 3305; x_wconf 75' lang='grc' dir='ltr'><strong>ι-</strong></span> <span class='ocrx_word' id='word_1_160' title='bbox 805 3274 859 3307; x_wconf 77' lang='grc' dir='ltr'><strong>-Λ</strong></span> <span class='ocrx_word' id='word_1_161' title='bbox 883 3251 930 3336; x_wconf 60' lang='grc' dir='ltr'><strong>λέ</strong></span> <span class='ocrx_word' id='word_1_162' title='bbox 949 3269 1056 3306; x_wconf 73' lang='grc' dir='ltr'><strong>υ-ι.</strong></span> <span class='ocrx_word' id='word_1_163' title='bbox 1043 3253 1159 3300; x_wconf 79' lang='grc' dir='ltr'><strong>’..υυ</strong></span> <span class='ocrx_word' id='word_1_164' title='bbox 1209 3302 1214 3313; x_wconf 70' lang='grc'><em>,</em></span> 
     </span>
     <span class='ocr_line' id='line_1_28' title="bbox 451 3301 1433 3442; baseline 0.002 -20"><span class='ocrx_word' id='word_1_165' title='bbox 451 3357 567 3423; x_wconf 81' lang='grc' dir='ltr'><em>Λυδία</em></span> <span class='ocrx_word' id='word_1_166' title='bbox 591 3357 653 3438; x_wconf 81' lang='grc' dir='ltr'><strong>μὲν</strong></span> <span class='ocrx_word' id='word_1_167' title='bbox 675 3355 738 3442; x_wconf 84' lang='grc' dir='ltr'><strong>γὰρ</strong></span> <span class='ocrx_word' id='word_1_168' title='bbox 762 3357 863 3432; x_wconf 72' lang='grc' dir='ltr'><em>λίθος</em></span> <span class='ocrx_word' id='word_1_169' title='bbox 884 3353 1006 3437; x_wconf 85' lang='grc' dir='ltr'><em>μανύει</em></span> <span class='ocrx_word' id='word_1_170' title='bbox 1035 3355 1038 3439; x_wconf 69' lang='grc' dir='ltr'><em>λ</em></span> <span class='ocrx_word' id='word_1_171' title='bbox 1069 3352 1206 3439; x_wconf 84' lang='grc' dir='ltr'><em>χρυσόν,</em></span> <span class='ocrx_word' id='word_1_172' title='bbox 1180 3301 1373 3440; x_wconf 70' lang='lat' dir='ltr'><strong>dedorim</strong></span> <span class='ocrx_word' id='word_1_173' title='bbox 1398 3354 1433 3424; x_wconf 87' lang='lat' dir='ltr'><strong>d&#39;</strong></span> 
     </span>
     <span class='ocr_line' id='line_1_29' title="bbox 692 3454 869 3544; baseline 0.008 -21"><span class='ocrx_word' id='word_1_174' title='bbox 692 3454 869 3544; x_wconf 83' lang='grc' dir='ltr'><em>ἀρετάν..</em></span> 
     </span>
    </p>

    <p class='ocr_par' dir='ltr' id='par_1_16' title="bbox 276 3569 1437 3742">
     <span class='ocr_line' id='line_1_30' title="bbox 365 3569 1437 3656; baseline 0.002 -18"><span class='ocrx_word' id='word_1_175' title='bbox 365 3575 401 3638; x_wconf 94' lang='lat' dir='ltr'><strong>In</strong></span> <span class='ocrx_word' id='word_1_176' title='bbox 424 3573 464 3638; x_wconf 88' lang='lat' dir='ltr'><strong>fr.</strong></span> <span class='ocrx_word' id='word_1_177' title='bbox 484 3576 535 3654; x_wconf 86' lang='grc'><strong>29,</strong></span> <span class='ocrx_word' id='word_1_178' title='bbox 556 3575 574 3636; x_wconf 90' lang='grc'><strong>3</strong></span> <span class='ocrx_word' id='word_1_179' title='bbox 598 3571 737 3656; x_wconf 87' lang='lat' dir='ltr'><strong>dactylis</strong></span> <span class='ocrx_word' id='word_1_180' title='bbox 759 3571 956 3655; x_wconf 87' lang='lat' dir='ltr'><strong>praemissus</strong></span> <span class='ocrx_word' id='word_1_181' title='bbox 972 3577 1022 3636; x_wconf 89' lang='lat' dir='ltr'><strong>est</strong></span> <span class='ocrx_word' id='word_1_182' title='bbox 1037 3570 1207 3656; x_wconf 85' lang='lat' dir='ltr'><strong>spondens,</strong></span> <span class='ocrx_word' id='word_1_183' title='bbox 1235 3569 1296 3636; x_wconf 91' lang='lat' dir='ltr'><strong>sed</strong></span> <span class='ocrx_word' id='word_1_184' title='bbox 1313 3591 1437 3640; x_wconf 84' lang='lat' dir='ltr'><strong>emcn-</strong></span> 
     </span>
     <span class='ocr_line' id='line_1_31' title="bbox 276 3673 1020 3742; baseline -0.005 0"><span class='ocrx_word' id='word_1_185' title='bbox 276 3676 401 3742; x_wconf 88' lang='lat' dir='ltr'><strong>dandus</strong></span> <span class='ocrx_word' id='word_1_186' title='bbox 424 3695 497 3742; x_wconf 90' lang='lat' dir='ltr'><strong>esse</strong></span> <span class='ocrx_word' id='word_1_187' title='bbox 519 3674 647 3740; x_wconf 87' lang='lat' dir='ltr'><strong>videtur</strong></span> <span class='ocrx_word' id='word_1_188' title='bbox 668 3693 780 3740; x_wconf 87' lang='lat' dir='ltr'><strong>versus</strong></span> <span class='ocrx_word' id='word_1_189' title='bbox 804 3693 876 3740; x_wconf 91' lang='lat' dir='ltr'><strong>cum</strong></span> <span class='ocrx_word' id='word_1_190' title='bbox 897 3673 1020 3740; x_wconf 86' lang='lat' dir='ltr'><strong>Nenio:</strong></span> 
     </span>
    </p>

    <p class='ocr_par' dir='ltr' id='par_1_17' title="bbox 275 3787 1438 4181">
     <span class='ocr_line' id='line_1_32' title="bbox 401 3787 1342 3870; baseline -0.004 -33"><span class='ocrx_word' id='word_1_191' title='bbox 401 3789 811 3840; x_wconf 66' lang='grc' dir='ltr'><strong>υ--.ὐυ..υυ-Αῑ</strong></span> <span class='ocrx_word' id='word_1_192' title='bbox 841 3787 1342 3870; x_wconf 46' lang='grc' dir='ltr'><strong>[..-).ὐυ·..υυ---Ἠ·</strong></span> 
     </span>
     <span class='ocr_line' id='line_1_33' title="bbox 365 3883 1438 3977; baseline 0.001 -19"><span class='ocrx_word' id='word_1_193' title='bbox 365 3900 472 3958; x_wconf 79' lang='grc' dir='ltr'><em>πᾶσιν</em></span> <span class='ocrx_word' id='word_1_194' title='bbox 500 3887 717 3977; x_wconf 73' lang='grc' dir='ltr'><em>ἀνθρώποισι</em></span> <span class='ocrx_word' id='word_1_195' title='bbox 746 3895 871 3971; x_wconf 85' lang='grc' dir='ltr'><em>Δίκαν,</em></span> <span class='ocrx_word' id='word_1_196' title='bbox 905 3883 1020 3972; x_wconf 79' lang='grc' dir='ltr'><em>ὁσίαν,</em></span> <span class='ocrx_word' id='word_1_197' title='bbox 1054 3891 1057 3972; x_wconf 68' lang='lat' dir='ltr'><strong>i</strong></span> <span class='ocrx_word' id='word_1_198' title='bbox 1090 3883 1217 3973; x_wconf 67' lang='grc' dir='ltr'><em>[ἁγνὰν]</em></span> <span class='ocrx_word' id='word_1_199' title='bbox 1253 3885 1438 3974; x_wconf 74' lang='grc' dir='ltr'><em>Εὐνομίας</em></span> 
     </span>
     <span class='ocr_line' id='line_1_34' title="bbox 691 3989 1046 4059; baseline -0.006 -1"><span class='ocrx_word' id='word_1_200' title='bbox 691 3989 885 4059; x_wconf 75' lang='grc' dir='ltr'><em>ἀκόλουθον</em></span> <span class='ocrx_word' id='word_1_201' title='bbox 908 3994 964 4057; x_wconf 83' lang='grc' dir='ltr'><strong>καί</strong></span> <span class='ocrx_word' id='word_1_202' title='bbox 984 4044 989 4055; x_wconf 97' lang='grc'><em>.</em></span> <span class='ocrx_word' id='word_1_203' title='bbox 1011 4043 1017 4055; x_wconf 98' lang='grc'><em>.</em></span> <span class='ocrx_word' id='word_1_204' title='bbox 1040 4044 1046 4056; x_wconf 96' lang='grc'><em>.</em></span> 
     </span>
     <span class='ocr_line' id='line_1_35' title="bbox 275 4091 826 4181; baseline -0.011 -15"><span class='ocrx_word' id='word_1_205' title='bbox 275 4101 383 4166; x_wconf 87' lang='lat' dir='ltr'><strong>deleto</strong></span> <span class='ocrx_word' id='word_1_206' title='bbox 405 4099 562 4165; x_wconf 89' lang='lat' dir='ltr'><strong>vocabulo</strong></span> <span class='ocrx_word' id='word_1_207' title='bbox 584 4099 685 4164; x_wconf 92' lang='lat' dir='ltr'><strong>otioso</strong></span> <span class='ocrx_word' id='word_1_208' title='bbox 709 4091 826 4181; x_wconf 85' lang='grc' dir='ltr'><em>ἁγνάν.</em></span> 
     </span>
    </p>
   </div>
   <div class='ocr_carea' id='block_1_8' title="bbox 361 4219 1238 4404">
    <p class='ocr_par' dir='ltr' id='par_1_18' title="bbox 361 4219 1238 4404">
     <span class='ocr_line' id='line_1_36' title="bbox 361 4219 995 4302; baseline -0.032 -17"><span class='ocrx_word' id='word_1_209' title='bbox 361 4221 414 4285; x_wconf 76' lang='lat' dir='ltr'>Fl&#39;.</span> <span class='ocrx_word' id='word_1_210' title='bbox 442 4221 482 4282; x_wconf 85' lang='grc'><strong>30</strong></span> <span class='ocrx_word' id='word_1_211' title='bbox 543 4219 664 4302; x_wconf 71' lang='grc'>(---)</span> <span class='ocrx_word' id='word_1_212' title='bbox 687 4219 995 4265; x_wconf 53' lang='lat' dir='ltr'><strong>„Lusa-w.</strong></span> 
     </span>
     <span class='ocr_line' id='line_1_37' title="bbox 526 4311 1238 4404; baseline -0.007 -18"><span class='ocrx_word' id='word_1_213' title='bbox 526 4321 695 4404; x_wconf 77' lang='grc' dir='ltr'><em>Φάσωμεν</em></span> <span class='ocrx_word' id='word_1_214' title='bbox 718 4318 841 4386; x_wconf 73' lang='grc' dir='ltr'><em>πιστὸν</em></span> <span class='ocrx_word' id='word_1_215' title='bbox 863 4319 963 4395; x_wconf 79' lang='grc' dir='ltr'><em>κῦδος</em></span> <span class='ocrx_word' id='word_1_216' title='bbox 986 4317 1075 4400; x_wconf 73' lang='grc' dir='ltr'><em>ἔχειν</em></span> <span class='ocrx_word' id='word_1_217' title='bbox 1098 4311 1238 4402; x_wconf 79' lang='grc' dir='ltr'><em>ἀρετάν·</em></span> 
     </span>
    </p>
   </div>
   <div class='ocr_carea' id='block_1_9' title="bbox 0 0 1618 4932">
    <p class='ocr_par' dir='ltr' id='par_1_19' title="bbox 0 0 1618 4932">
     <span class='ocr_line' id='line_1_38' title="bbox 0 0 1618 4932; baseline 0 6"><span class='ocrx_word' id='word_1_218' title='bbox 0 0 1618 4932; x_wconf 95' lang='lat' dir='ltr'><strong> </strong></span> 
     </span>
    </p>
   </div>
  </div>
 </body>
</html>
