3248 4928
315 379 356 441 oo
752 415 792 425 -
839 380 925 462 [ιοοι
973 414 1015 424 -

314 565 501 631 foedissima
532 567 564 632 in
599 568 734 634 violatio
768 569 900 654 reperiri
934 569 998 634 iam
1029 567 1181 634 Nitzscbe
1197 555 1451 634 'animadvertit

314 669 419 735 Etiam
435 669 568 736 Flacbio
591 671 736 738 eiusdem
759 680 855 758 atque
871 673 1049 740 Frobenius
1072 673 1215 739 familiae
1238 672 1380 738 codicem
1396 691 1455 738 ex-

315 772 471 856 pressisse
492 772 637 840 Eudocia
659 775 803 857 videtur;
829 797 891 861 quo
913 777 947 842 in
970 775 1080 843 codice
1103 797 1165 861 quo
1187 775 1281 842 modo
1296 774 1453 859 Diogenis

314 882 422 941 textus
443 883 551 943 nostro
573 877 728 962 integrior
749 887 859 946 extare
882 879 1029 966 potuerit,
1056 879 1089 946 id
1111 879 1197 964 quod
1212 879 1312 945 Flach
1336 877 1448 958 eredit,

315 998 375 1044 non
398 979 569 1064 adsequor.
617 982 686 1048 Nec
710 1003 785 1048 vero
807 1003 825 1050 e
848 983 1012 1068 Diogene,
1045 983 1104 1050 sed
1132 1004 1150 1049 e
1173 983 1275 1049 Suida
1297 981 1453 1066 Aristippi

315 1081 415 1166 patris
437 1102 555 1149 nomen
582 1084 768 1169 (Aritadem)
796 1107 829 1170 p.
857 1089 893 1149 71
920 1087 1032 1172 arripit
1054 1085 1218 1170 falsarius,
1243 1105 1348 1170 neque
1370 1083 1455 1168 quod

314 1207 347 1272 p.
373 1191 413 1250 55
437 1189 718 1273 septuagenarium
741 1197 899 1256 mortuum
923 1209 995 1258 esse
1016 1191 1240 1258 Antisthenen
1268 1190 1357 1256 solue
1379 1209 1455 1254 nar-

315 1298 379 1374 rat,
413 1313 430 1358 e
453 1291 599 1376 Diogene
621 1294 779 1380 pleniore,
813 1295 872 1361 sed
895 1315 913 1361 e
936 1315 994 1361 suo
1016 1295 1118 1381 ipsius
1140 1293 1270 1380 ingenio
1293 1293 1450 1376 haurit*).

316 1395 429 1479 Neque
459 1396 605 1462 vitiorum
636 1399 730 1484 eopia
757 1399 873 1483 ingens
902 1419 973 1466 cum
999 1399 1180 1466 Baeileensi
1208 1397 1384 1464 eommunis
1413 1417 1453 1462 ex

315 1499 429 1565 eodem
451 1501 594 1567 codicum
617 1501 751 1584 familia,
777 1503 836 1569 sed
858 1509 914 1568 aut
936 1523 977 1568 ex
998 1503 1110 1570 eodem
1126 1503 1237 1570 codice
1252 1509 1308 1568 aut
1323 1522 1364 1566 ex
1379 1501 1451 1586 ipse

315 1602 457 1670 editione
488 1605 633 1690 excripta
661 1606 849 1690 explicatur.
897 1605 981 1685 Quin
1011 1606 1108 1672 etiam
1137 1607 1166 1672 is
1192 1613 1242 1672 est
1265 1626 1335 1672 cum
1359 1605 1452 1670 Basi-

318 1707 419 1772 leensi
442 1708 582 1775 editione
605 1729 779 1776 consensus
802 1709 995 1795 violarii**),
1022 1718 1057 1776 ut
1078 1711 1183 1796 ipsam
1206 1729 1277 1778 eam
1300 1710 1334 1775 in
1356 1708 1452 1774 lonti-

315 1809 375 1877 bus
405 1810 528 1878 ialsarii
558 1832 727 1880 numerare
752 1833 816 1879 non
839 1813 991 1881 dubitem.
1039 1814 1162 1881 Iledem
1185 1815 1218 1880 in
1241 1815 1301 1880 boe
1322 1820 1451 1879 auctore

314 1921 410 1999 atque
432 1917 466 1982 in
488 1916 620 2000 reliquis
642 1918 853 2002 excerpendis
876 1918 1007 1986 levitate
1029 1927 1063 1985 et
1083 1918 1262 2004 petulantia
1285 1917 1451 1982 falsarium

317 2039 410 2085 usum
434 2039 507 2086 esse
530 2020 584 2086 vix
607 2027 656 2086 est
677 2041 734 2087 cur
754 2021 915 2088 adnotem.
951 2021 1107 2090 Vitiorum
1123 2041 1194 2089 cum
1209 2020 1352 2087 editione
1367 2039 1453 2084 com-

315 2125 456 2190 munium
480 2145 584 2210 pauca
599 2145 740 2210 propono
755 2124 796 2191 de
811 2125 974 2211 plurimis:
1002 2147 1034 2211 p.
1053 2131 1093 2190 53
1116 2126 1196 2212 περὶ
1211 2119 1449 2207 Ἀλκμαίωνος.

316 2229 394 2314 περὶ
417 2235 489 2315 τῆς
513 2223 674 2314 ἀφανέων
696 2231 771 2295 Bas.
797 2250 829 2315 p.
856 2235 915 2293 411
942 2237 975 2296 et
996 2229 1093 2314 llud,
1119 2229 1203 2313 quod
1226 2229 1352 2295 videtur
1374 2245 1451 2311 ope

318 2351 421 2396 rarum
438 2332 672 2398 Basileensium
696 2333 844 2398 mendum
869 2353 941 2399 esso
963 2354 1020 2418 pro
1044 2334 1195 2400 librorum
1218 2333 1354 2399 lectione
1373 2330 1452 2416 περὶ

318 2428 472 2522 υώνᾶφ.
505 2436 518 2521 ΙΙ
550 2438 584 2501 P.
605 2431 1032 2522 ῠῠνιιρὶἈναξιμάνιλρου.
1074 2432 1264 2525 dextruat
1287 2447 1454 2518 στοιχεῖον

315 2537 388 2604 libri
404 2539 559 2624 Diogenis
576 2542 696 2622 [σοι-1.,
724 2535 830 2628 ἀρχὴν
846 2554 1012 2624 στοιχεῖον
1032 2543 1108 2608 Bae.
1128 2546 1168 2606 112
1184 2549 1216 2608 et
1230 2541 1313 2608 Eud.
1343 2541 1357 2626 ΙΙ
1387 2539 1453 2605 Ibi-

315 2641 388 2708 dem
419 2645 498 2730 περὶ
521 2638 770 2723 Ἀντισθένους.
818 2645 988 2734 καταρχάς
1018 2656 1050 2714 et
1079 2653 1215 2735 Πειρεεῑ
1250 2649 1304 2730 (ita
1325 2645 1452 2711 violarii

316 2745 443 2830 codex).
476 2750 489 2833 b
520 2749 554 2812 Ρ.
576 2753 616 2814 56
641 2749 773 2836 Θεύρου
795 2771 851 2836 pro
876 2749 1000 2838 Κύρου.
1037 2752 1042 2836 Ι
1076 2746 1350 2839 ἀνδροδεστάτης
1373 2749 1449 2813 Bas.

316 2852 374 2914 361
402 2857 435 2916 et
456 2851 557 2918 codex
580 2853 754 2920 Eudociae.
789 2855 801 2940 ΙΙ
832 2856 867 2920 P.
895 2860 935 2920 70
959 2856 1037 2940 περὶ
1054 2849 1281 2942 Ἀρκεσιλάου.
1308 2851 1450 2939 ἐννοῆσαι

316 2973 373 3037 pro
390 2951 558 3042 ἐμπτῆναι
576 2957 581 3043 Ι
600 2958 735 3040 βιβλίον
757 2963 844 3045 φασί
866 2982 974 3034 τινες
998 2956 1204 3044 ἐνέγραψεν
1227 2979 1285 3044 pro
1300 2957 1452 3023 librorum

316 3057 473 3144 scriptura
494 3061 638 3142 βιβλίον,
665 3065 763 3147 φασί,
790 3063 830 3126 τὶ
852 3067 999 3148 συνένρ.
1026 3061 1102 3126 Bas.
1128 3083 1160 3147 p.
1190 3065 1249 3126 194
1272 3067 1304 3127 et
1325 3059 1409 3125 Eud.
1443 3057 1454 3144 ΙΙ

319 3161 355 3224 Ρ.
385 3165 443 3226 136
472 3163 552 3249 περὶ
574 3167 760 3230 Διονυσίου
781 3172 842 3232 τοῦ
862 3170 1109 3248 μεταθεμένσυ.
1153 3160 1453 3252 ἀπαρακαλύπτως

318 3264 402 3346 libri,
430 3267 709 3354 ιιαρακαλύισνιυν
731 3270 806 3335 Bas.
833 3291 864 3356 p.
893 3274 953 3335 385
976 3277 1009 3336 et
1029 3269 1112 3335 Eud.
1145 3273 1158 3354 ΙΙ
1195 3269 1232 3333 Ρ.
1261 3271 1319 3332 138
1336 3287 1384 3350 sq.
1411 3265 1452 3331 de

317 3369 464 3454 Diogene
485 3373 626 3439 maxima
648 3375 741 3460 copia
762 3374 910 3440 vitiorum
940 3375 1055 3440 eBas.
1082 3395 1114 3459 p.
1141 3377 1203 3438 270
1231 3379 1362 3440 servate
1388 3377 1449 3438 est.

317 3474 481 3542 Nonnulla
508 3478 645 3544 correxit
675 3478 849 3560 Villoison,
886 3501 917 3564 p.
948 3481 1006 3543 138
1030 3483 1066 3540 X
1071 3474 1235 3565 ερώνειαν
1268 3485 1301 3544 et
1328 3499 1360 3562 p.
1390 3477 1451 3541 139

318 3574 444 3665 ἔσκοψε
467 3600 538 3646 cum
555 3581 630 3646 Bas.
656 3581 754 3648 babet
774 3581 874 3647 codex
890 3581 1061 3667 liudocine,
1087 3603 1119 3667 p.
1141 3585 1201 3646 142
1225 3579 1399 3664 ἐντορεῦσαι
1421 3587 1454 3646 et

318 3683 417 3769 κῆδος
442 3683 625 3773 [ἐπαμῆσαι
640 3692 673 3752 et
688 3685 788 3762 κῦδος
802 3706 881 3752 corr.
901 3685 989 3772 vill.)
1026 3687 1039 3771 ΙΙ
1069 3685 1104 3750 P.
1127 3689 1186 3750 179
1209 3685 1333 3772 rupious
1354 3701 1452 3750 sensu

389 3975 412 4039 ‘l
434 3977 621 4044 Sugoeissinre
644 3979 715 4034 haue
734 3979 841 4034 Fluobii
862 3979 898 4034 de
915 3979 1040 4049 pleniore
1058 3979 1199 4048 quondam
1218 3979 1347 4046 Diogene
1366 3979 1452 4033 Laer-

320 4061 360 4114 tio
383 4061 572 4130 opinationem
602 4063 708 4119 refellit
731 4064 796 4120 Ero.
824 4063 916 4120 Manes
943 4065 971 4120 in
998 4065 1161 4132 Kiesslingii
1189 4071 1218 4118 et
1241 4063 1451 4118 Wilamowituii

319 4149 514 4215 qrrocstiomrm
533 4150 764 4220 philologioarum
784 4149 919 4206 fasciculo
938 4151 979 4205 lll
998 4169 1024 4206 u.
1047 4152 1112 4202 ¹88⁰
1130 4168 1158 4220 p.
1175 4153 1222 4202 111
1236 4165 1278 4220 sq.

390 4235 430 4296 ”l
450 4235 503 4289 Det
526 4237 599 4289 enim
624 4238 707 4290 etium
730 4237 919 4304 interpunctio
938 4237 965 4290 in
984 4237 1083 4291 codice
1100 4237 1243 4290 Eudooiae
1261 4243 1291 4290 et
1308 4236 1454 4302 orthogru-

321 4317 385 4386 plria
404 4320 502 4372 eudem
521 4323 638 4388 quaein
657 4322 715 4375 illa.
