3248 4928
288 373 329 434 ιο
723 405 766 445 Α-
813 362 897 448 pen]
944 403 986 413 -

289 556 496 645 φίλτατος
519 551 565 622 ὢν
579 562 625 641 τῷ
633 549 824 621 Ἀπόλλωνι
839 555 949 634 Laut„
977 553 1193 638 Μελάμπους
1207 557 1291 622 Flor.
1303 557 1423 640 Phar„

288 657 504 743 Μελάμπους
527 659 653 746 φίλος
676 653 722 725 ὢν
751 664 797 745 τῷ
818 653 1009 724 Ἀπόλλωνι
1030 659 1103 726 Par.
1129 659 1226 744 Eud]
1260 660 1272 746 ΙΙ
1302 661 1340 724 Ρ.
1359 663 1425 725 305

287 763 328 830 dc
350 763 454 829 Nelcc
482 759 625 850 (Νηλεὺς
638 801 682 812 -
697 759 968 848 Πολοκλύμενος)
994 783 1057 829 non
1080 763 1210 830 Scholia
1232 763 1294 849 Ap.
1312 764 1329 828 I
1347 767 1422 846 152,

287 867 345 936 sed
367 866 569 934 Eustathium
592 868 684 933 Hom.
712 869 793 932 1684
824 867 968 951 sequitur
989 866 1135 933 Eudocia
1160 863 1426 953 [Περικλύμενος

286 978 371 1038 recte
393 970 499 1037 Schol.
525 971 601 1056 Ap,
628 966 888 1054 Πολυκλύμενος
909 971 1000 1037 Eust.
1026 971 1125 1054 Eud]
1159 971 1172 1058 ΙΙ
1202 971 1239 1036 Ρ.
1258 973 1319 1036 333
1343 972 1426 1056 περὶ

287 1074 541 1160 Περικλυμένου
569 1094 635 1139 una
663 1094 734 1140 cum
763 1074 945 1159 insequenti
975 1075 1085 1158 glossa
1112 1073 1255 1141 Eudocia
1284 1075 1425 1141 habete

288 1178 396 1244 Schol.
421 1178 484 1262 Ap.
508 1177 524 1241 Ι
550 1180 609 1242 156
632 1177 735 1244 Paris.
770 1171 818 1261 [dg
842 1174 885 1263 ῥά
907 1201 942 1242 τε
966 1178 1063 1244 Laur.
1088 1179 1189 1259 Flor.,
1224 1176 1261 1254 ὃς
1283 1175 1323 1266 δὴ
1346 1178 1423 1244 Par.

286 1281 369 1348 Eud.
407 1281 411 1368 λ
444 1277 635 1357 θαλάσσιος
657 1281 757 1366 Flos,
793 1278 950 1368 θαλάσσῃ
974 1280 1004 1346 τ’
1026 1282 1099 1347 Par.
1125 1282 1208 1348 Eud.
1246 1285 1252 1363 Ι
1284 1288 1331 1368 τῷ
1361 1275 1428 1364 ὄμ-

288 1386 387 1472 paup
414 1391 475 1450 τοῦ
506 1383 607 1470 ζυγοῦ
635 1385 731 1451 Laur.
757 1386 858 1468 Flos,
895 1392 941 1470 τῷ
972 1384 1061 1472 ζυγῷ
1082 1386 1155 1452 Par.
1181 1386 1264 1452 Eud.
1296 1385 1309 1471 ΙΙ
1339 1385 1426 1451 Turn

287 1489 321 1554 iu
348 1488 496 1554 versibus
527 1487 678 1554 Hesiodi:
721 1482 838 1571 ὄλβιον
858 1491 895 1555 L.
922 1491 972 1571 R,
1019 1483 1117 1571 ὄλβια
1139 1491 1174 1554 Ρ.
1201 1489 1283 1555 Eud.
1322 1489 1327 1573 l
1360 1488 1428 1571 μὲν

236 1647 247 1672 ,
287 1588 350 1678 γὰρ
373 1591 410 1656 L.
436 1592 488 1675 R,
525 1595 589 1674 μέν
610 1615 645 1656 τε
668 1593 705 1657 Ρ.
730 1591 814 1658 Eud.
847 1590 852 1680 Ι
890 1593 1062 1658 τελέσκειο
1085 1594 1123 1658 L.
1148 1593 1201 1678 F„
1238 1592 1426 1658 πολέσκετο

288 1696 322 1760 Ρ.
348 1694 431 1760 Eud.
464 1696 477 1780 ΙΙ
512 1696 551 1761 lu
580 1702 747 1762 stemmate
775 1695 931 1781 denique:
974 1695 1009 1763 da
1039 1695 1075 1762 δὲ
1104 1693 1281 1784 διαφόρων
1306 1719 1427 1780 γυναι-

288 1806 355 1864 κῶν
376 1799 414 1863 L.
439 1800 491 1882 R,
529 1797 564 1864 ἐκ
594 1806 652 1887 τῆς
684 1795 799 1887 Φάρης
821 1801 857 1866 P.
883 1799 965 1866 Eud.
1000 1799 1005 1888 Ι
1039 1807 1174 1887 Ταῦρον
1194 1801 1232 1865 L.
1258 1801 1310 1884 R,
1336 1797 1428 1866 Σκύ-

214 1949 218 1956 -
288 1927 348 1990 ρον
370 1904 404 1968 Ρ.
430 1902 512 1968 Eud.
550 1901 556 1990 Ι
593 1903 772 1990 Δηῒμαχον
794 1904 830 1969 L.
855 1905 906 1985 R,
951 1901 1116 1987 Δόμαχον
1137 1905 1174 1970 Ρ.
1198 1904 1282 1970 Eud.
1319 1903 1324 1992 Ι
1361 1901 1429 1969 δώ-

288 2007 367 2072 δεκα
390 2002 454 2092 γὰρ
477 2007 514 2071 L.
540 2007 592 2090 R,
624 2004 751 2073 δώδεκα
774 2007 837 2090 μὲν
859 2007 894 2072 Ρ.
921 2007 1019 2091 Eud]
1052 2007 1064 2094 ΙΙ
1095 2009 1131 2073 Ρ.
1150 2009 1211 2072 107
1235 2003 1324 2094 πρὸς
1346 2005 1428 2074 τού-

287 2133 415 2186 τοις-
432 2105 585 2192 Κόλχων.
604 2109 710 2177 Schol.
731 2111 793 2196 Ap.
807 2111 840 2176 Π
859 2113 939 2174 1210
956 2111 1028 2177 Par.
1060 2114 1293 2198 [περιριφῆναι
1312 2111 1349 2176 L.
1369 2112 1423 2194 F„

287 2218 489 2299 ιιεριρυῆναι
510 2214 546 2278 Ρ.
572 2213 669 2298 llud]

373 2315 439 2383 Sed
461 2317 540 2383 satis
562 2323 613 2383 est
634 2315 865 2401 exemplorum,
891 2315 1008 2400 quibus
1031 2315 1198 2398 efficiatur,
1224 2315 1310 2400 quod
1332 2317 1429 2382 volu-

287 2439 368 2502 mus,
402 2427 524 2506 partem
554 2421 695 2486 locorum
726 2439 796 2485 cum
820 2419 1013 2486 Florentinis
1043 2419 1174 2486 scholiis
1197 2426 1428 2504 congruentem

287 2524 518 2606 ePhavorino,
551 2524 685 2590 alteram
716 2529 839 2610 partem
868 2522 1054 2590 eParisino
1083 2523 1274 2589 scholiorum
1303 2543 1428 2607 genere

286 2629 328 2694 ab
361 2627 506 2694 Eudocia
540 2627 669 2694 ductam
703 2647 785 2694 erse.
839 2629 953 2712 Neque
986 2627 1092 2694 obstat
1123 2627 1198 2692 huic
1231 2626 1424 2710 sententiae,

287 2731 373 2815 quod
394 2731 495 2796 Flach
518 2753 550 2816 p.
572 2734 631 2795 125
655 2730 700 2798 ait
729 2751 801 2797 curn
824 2729 1039 2798 Laurentiano
1069 2729 1178 2797 codice
1207 2730 1288 2796 vitia
1314 2731 1429 2797 Eudo-

288 2834 357 2900 ciae
380 2834 534 2918 pleraque
557 2852 631 2901 esse
654 2835 851 2916 communia;
888 2835 944 2918 qui
973 2854 1045 2900 curn
1074 2833 1215 2900 omnium
1245 2841 1427 2900 nostrorum

288 2936 432 3004 codicum
456 2937 526 3003 fons
558 2937 609 3022 sit,
643 2937 713 3003 fieri
735 2959 799 3005 non
820 2945 926 3024 potest
947 2937 1025 3022 quin
1047 2936 1117 3003 eius
1135 2936 1216 3002 vitia
1236 2937 1270 3003 in
1291 2937 1429 3022 reliquis

233 3089 235 3094 -
287 3040 377 3108 libris
404 3042 565 3126 permulta
592 3048 787 3127 repetantur.
834 3043 903 3107 Iam
926 3061 1001 3108 vero
1024 3059 1106 3124 quae
1135 3039 1176 3106 de
1197 3039 1428 3125 integrioribns

288 3144 418 3212 scholiis
448 3146 489 3211 ab
519 3144 662 3211 Eudocia
691 3145 841 3231 expilatis
870 3145 971 3210 Flach
1002 3143 1178 3226 contendit,
1212 3163 1277 3210 non
1300 3144 1429 3210 veriora

289 3257 364 3316 sunt
385 3248 436 3330 iis,
471 3269 554 3333 quae
576 3248 661 3314 idem
685 3249 726 3316 de
749 3249 883 3315 aliorum
906 3248 1040 3314 fontium
1063 3249 1105 3314 ab
1131 3247 1276 3314 Endocia
1298 3249 1430 3335 excrip-

286 3360 389 3420 torum
411 3351 597 3437 integritate
620 3351 681 3418 sibi
701 3353 873 3437 persuasit.
914 3353 992 3436 Pag.
1013 3353 1075 3416 379
1098 3349 1183 3416 enirn
1205 3355 1373 3438 μέμνηται
1389 3351 1428 3418 δὲ

288 3457 345 3520 καὶ
360 3453 523 3542 Στράβων
545 3493 587 3502 -
609 3461 670 3520 τοῦ
692 3449 800 3543 ἥρωος
822 3477 886 3522 una
908 3476 981 3522 cunr
1003 3455 1127 3540 reliqua
1149 3453 1260 3538 glossa
1282 3475 1300 3520 e
1319 3453 1426 3522 Phav.

287 3581 319 3644 p.
342 3563 416 3624 1691
446 3559 582 3644 sumpsit
599 3559 681 3624 Eud.
707 3558 823 3642 [Schol.
842 3560 902 3644 Ap.
921 3559 982 3625 Rh.
1000 3561 1033 3624 II
1052 3563 1132 3624 1054
1157 3563 1189 3625 et
1209 3559 1300 3624 Eust.
1326 3557 1426 3624 Hom.

289 3666 375 3746 302.)
403 3663 415 3747 ΙΙ
445 3663 481 3727 P.
501 3665 563 3726 410
595 3659 627 3726 οἱ
650 3655 680 3726 δ’
696 3655 793 3728 αὐτοὶ
816 3663 938 3728 Κελτοὶ
959 3701 1002 3711 -
1031 3658 1228 3728 Κυκλώπων
1255 3683 1273 3728 c
1301 3661 1425 3744 (Schol.

288 3769 349 3853 Ap.
367 3767 412 3832 IV
428 3769 486 3830 611
512 3765 611 3850 Flor.)
639 3765 737 3832 Phav.
765 3769 823 3832 851
857 3765 955 3833 habet
981 3765 1139 3848 Eudocia,
1172 3785 1234 3830 non
1264 3785 1282 3830 e
1312 3765 1428 3832 codice

289 3869 514 3952 Laurentiano,
548 3889 651 3952 eaque
674 3869 715 3935 de
737 3890 836 3936 causa
858 3869 1073 3936 Laurentiano
1096 3869 1220 3954 plenior
1242 3875 1305 3950 est,
1338 3869 1428 3950 quod

288 3974 514 4059 interpolatum
537 3971 656 4038 fontem
680 3973 832 4056 requitur.
878 3973 992 4057 Neque
1022 3973 1088 4039 alia
1117 3971 1157 4038 de
1188 3991 1286 4037 causa
1308 3993 1341 4056 p.
1361 3975 1426 4035 377

289 4077 433 4158 meliora,
460 4083 495 4141 ut
513 4075 612 4141 Flach
637 4075 808 4158 existimat,
835 4076 985 4160 leguntur
1006 4097 1102 4159 quarn
1121 4075 1155 4140 in
1178 4073 1315 4141 Scholiis
1338 4075 1429 4140 Lau—

288 4179 442 4247 rentianis
464 4179 525 4266 Ap.
545 4179 588 4244 IV
612 4182 684 4243 825.
733 4179 815 4246 Nam
838 4179 1017 4249 Parisinum
1048 4179 1189 4250 codicem
1219 4177 1262 4244 ad
1289 4178 1427 4249 verbam

287 4283 469 4358 transcribit
491 4283 645 4356 sudoris.
