3276 4932
767 395 1020 454 —74-.

307 583 414 667 ἔγνων
440 582 678 664 (sentientem)
706 579 901 665 explicanda
915 587 1040 664 essent,
1064 600 1162 664 snpra
1183 579 1364 664 expositum
1379 587 1441 645 est.

306 725 349 734 -
371 669 409 751 11.
436 691 453 748 4
488 686 531 752 cf.
556 686 662 750 Nonn.
688 683 782 748 Dion.
809 687 845 765 9,
880 687 943 748 276
971 677 1149 750 Ἀπόλλων
1182 680 1368 766 manentes.
1400 721 1445 732 -

306 791 344 855 V.
365 793 382 852 7
407 809 477 854 cum
493 788 620 854 Talmin
641 787 675 852 in
690 787 786 852 Isidis
808 787 909 852 tutela
925 806 998 852 esse
1015 786 1258 872 exprimendum
1281 786 1339 868 sit,
1366 786 1445 852 mihi

306 893 433 976 quidem
453 891 579 958 videtur
594 889 720 961 collatis
736 889 832 956 Knib.
850 911 883 955 n.
906 892 987 954 1028
1005 911 1037 954 v.
1056 894 1086 955 8.
1109 893 1191 962 1029
1206 911 1238 954 v.
1257 893 1288 973 8,
1313 889 1367 955 nbi
1382 889 1445 955 Isis

306 994 465 1081 ῥωμαλέοι
495 991 719 1078 σκάπτροισιν
751 1001 848 1075 atque
886 999 1059 1080 σκῆπτρον
1090 991 1215 1075 ἔχουσα
1248 993 1441 1078 appelletur,

305 1105 416 1166 auctor
438 1099 539 1165 semel
562 1097 664 1163 forma
679 1097 788 1163 dorica
811 1115 887 1162 usus
911 1116 982 1162 esse
1002 1117 1074 1162 cnm
1097 1097 1251 1163 scriberet
1265 1091 1337 1183 ἥτις
1354 1094 1446 1162 ἐστὶν

306 1197 375 1268 ὑπὸ
395 1200 607 1287 cccccccccc
630 1208 688 1287 τῆς
711 1195 889 1286 εὐεθεὶρας
911 1199 1130 1287 μυριωνύμου
1146 1195 1280 1276 Ἴσιδος.
1312 1201 1360 1266 De
1382 1200 1445 1266 cri-

307 1306 402 1372 nibus
425 1324 500 1370 vere
516 1304 622 1385 Isidis,
648 1325 731 1387 qnae
755 1303 851 1369 Kaib.
875 1307 937 1370 833
960 1325 992 1369 v.
1019 1309 1032 1368 1
1060 1297 1276 1386 εὐπλόκαμος
1299 1303 1445 1368 nemine-

306 1415 367 1490 tnr,
387 1407 565 1493 Aegyptios
581 1407 742 1474 fabulatos
759 1427 831 1474 esse
854 1427 894 1472 ex
909 1408 1037 1474 nemine
1061 1409 1191 1492 plantae
1207 1414 1344 1492 apparet
1360 1427 1445 1490 qnae

301 1505 425 1587 Ἴσιδος
447 1515 557 1596 τρίχες
570 1513 587 1592 ¹)
614 1511 807 1576 vocabatur:
833 1510 958 1576 accedit
979 1510 1063 1593 qnod
1086 1511 1281 1594 Memphites
1303 1509 1445 1575 Lucieno

307 1617 466 1698 auetore²J
495 1614 657 1680 cincinnos
672 1613 770 1682 Isidis
785 1614 998 1680 ostentabant.
1031 1614 1217 1698 Cognomcn
1231 1610 1446 1698 μυριώνυμος

308 1719 413 1784 simile
429 1717 575 1784 sollemni
592 1717 750 1784 adiectivn
766 1715 998 1799 πολυώνυμος,
1024 1717 1109 1802 qued
1123 1717 1254 1802 quidem
1266 1717 1440 1801 Bmgsch³)

260 1815 262 1822 '
308 1824 499 1888 translatum
522 1842 596 1888 esse
618 1827 728 1906 censet
743 1842 784 1887 ex
798 1821 953 1906 aegyptio
971 1821 1107 1885 cil-rane
1128 1819 1213 1903 qued
1237 1819 1277 1885 de
1299 1819 1446 1885 omnibus

309 1925 377 1990 sere
397 1924 467 1991 deis
489 1924 650 2009 aegyptiis
675 1923 897 2010 praedicatur,
928 1924 1046 2006 legitur
1061 1924 1096 1990 O.
1112 1925 1140 1988 I.
1158 1923 1198 1988 G.
1216 1923 1293 1988 cdd.
1315 1921 1443 1986 49221.

309 2030 393 2091 4944
412 2029 444 2093 b.
489 2028 572 2092 Plnt.
598 2027 641 2091 Is.
670 2033 704 2092 et
728 2027 784 2093 Os.
810 2030 863 2091 53.
903 2027 1004 2094 Orelli
1030 2026 1123 2090 1876.
1152 2029 1245 2090 1877.
1286 2025 1335 2092 ef.
1362 2025 1447 2090 Mar-

309 2129 427 2213 qnardt
447 2133 650 2196 secessere.
669 2129 728 2211 111,
756 2133 808 2195 84.

745 2333 755 2346 ’
806 2387 951 2455 xxxv.

397 2543 433 2608 O.
452 2544 478 2608 Ι.
498 2543 538 2607 G.
557 2547 654 2608 5041.
679 2544 796 2609 Kaibel
812 2565 845 2608 n.
864 2547 956 2608 1022.
983 2545 1078 2628 Leps.
1098 2544 1142 2607 VI
1156 2542 1222 2607 tab.
1238 2546 1278 2606 97
1294 2541 1350 2606 Gr.
1370 2546 1446 2605 444.

399 2697 518 2762 Versus
530 2697 644 2778 quales
657 2697 775 2763 Keibel
787 2697 956 2763 Niebuhrii
969 2705 1002 2763 et
1012 2697 1141 2763 Franzii
1153 2695 1386 2781 supplementis
1398 2716 1450 2760 re-

311 2800 412 2884 ceptis
428 2799 568 2881 exhibet,
587 2799 622 2864 in
638 2800 747 2885 lepide
763 2801 828 2885 legi
843 2802 1029 2886 apographo
1038 2801 1197 2886 Lepsieno
1213 2800 1450 2865 demonstratur

311 2903 373 2968 nisi
389 2902 474 2985 qnod
489 2922 603 2969 nomen
620 2905 759 2970 auctoris
767 2903 912 2971 Niebuhr
928 2906 1011 2970 male
1023 2903 1159 2969 mutavit
1174 2907 1347 2982 Σανένως;
1372 2923 1447 2967 nem

311 3007 391 3072 nihil
417 3009 523 3074 obstat
544 3008 620 3090 quin
640 3009 788 3091 legemus
811 3029 924 3074 nemen
947 3007 1147 3074 barbaricum
1171 3005 1331 3082 Σάνσνως
1352 3027 1449 3089 qnam

312 3109 409 3175 Genii
430 3109 597 3177 lectionem
614 3111 915 3199 Lepsinslirmavit.
956 3111 1101 3176 Alterum
1125 3131 1199 3176 vero
1221 3109 1368 3175 eiusdem
1391 3129 1451 3173 ne-

311 3212 406 3278 minis
422 3215 602 3298 exemplnm
621 3215 755 3299 Lepsius
771 3213 893 3281 rettulit
911 3215 965 3296 [VI
981 3213 1048 3279 tab.
1067 3217 1106 3278 97
1125 3214 1180 3279 Gr.
1200 3215 1293 3294 511];

621 3423 956 3476 τοπροοκνΝκΜΑ

622 3503 1042 3563 cnncnnctenxsonmoc

725 3596 934 3648 ΠΡΟΟΤΑΤΗΘ

657 3731 663 3741 ,
779 3665 829 3733 tl
848 3678 994 3744 (insanin

314 3851 426 3918 Simile
442 3872 556 3918 nomen
574 3851 712 3917 feminae
728 3849 884 3928 Σενσάως
900 3859 1006 3918 exstat
1021 3852 1057 3918 O.
1076 3853 1101 3918 Ι.
1121 3851 1162 3916 G.
1182 3852 1276 3916 4828.

386 4127 405 4191 ¹)
425 4127 499 4182 Plnt.
516 4124 569 4182 lac.
585 4125 645 4182 orb.
660 4127 717 4182 lnn.
733 4127 774 4181 25.
789 4125 962 4196 Agatharch.
978 4142 1046 4181 mer.
1061 4141 1100 4181 er.
1114 4125 1171 4179 1⁰8.
1191 4124 1262 4180 Plin.
1276 4121 1358 4189 Xlll‚
1374 4125 1419 4180 52.

383 4213 404 4278 ²]
424 4209 499 4269 Λᾶν.
513 4214 618 4269 indnct.
636 4215 677 4267 14.

385 4301 405 4366 ³)
427 4300 603 4378 Hieroplyph.
625 4299 755 4354 Wllrterb.
770 4301 792 4371 I,
807 4301 857 4352 2211
870 4316 893 4355 s.
907 4317 934 4358 v.
949 4295 988 4360 lle'.
