<?xml version="1.0" encoding="UTF-8"?>
<!DOCTYPE html PUBLIC "-//W3C//DTD XHTML 1.0 Transitional//EN"
    "http://www.w3.org/TR/xhtml1/DTD/xhtml1-transitional.dtd">
<html xmlns="http://www.w3.org/1999/xhtml" xml:lang="en" lang="en">
 <head>
  <title>
</title>
<meta http-equiv="Content-Type" content="text/html;charset=utf-8" />
  <meta name='ocr-system' content='tesseract 3.04.00' />
  <meta name='ocr-capabilities' content='ocr_page ocr_carea ocr_par ocr_line ocrx_word'/>
</head>
<body>
  <div class='ocr_page' id='page_1' title='image "./dissertationesp02stragoog_0659.png"; bbox 0 0 3248 4928; ppageno 0'>
   <div class='ocr_carea' id='block_1_1' title="bbox 324 401 1025 484">
    <p class='ocr_par' dir='ltr' id='par_1_1' title="bbox 324 401 1025 484">
     <span class='ocr_line' id='line_1_1' title="bbox 324 401 1025 484; baseline -0.001 -18"><span class='ocrx_word' id='word_1_1' title='bbox 324 405 365 466; x_wconf 78' lang='grc' dir='ltr'><strong><em>ιε</em></strong></span> <span class='ocrx_word' id='word_1_2' title='bbox 762 438 803 450; x_wconf 86' lang='grc'>-</span> <span class='ocrx_word' id='word_1_3' title='bbox 850 401 936 484; x_wconf 74' lang='grc' dir='ltr'><strong>μου</strong></span> <span class='ocrx_word' id='word_1_4' title='bbox 983 438 1025 448; x_wconf 87' lang='grc'>-</span> 
     </span>
    </p>
   </div>
   <div class='ocr_carea' id='block_1_2' title="bbox 311 587 1466 4402">
    <p class='ocr_par' dir='ltr' id='par_1_2' title="bbox 320 587 1466 1088">
     <span class='ocr_line' id='line_1_2' title="bbox 321 587 1466 674; baseline -0.003 -18"><span class='ocrx_word' id='word_1_5' title='bbox 321 591 488 674; x_wconf 83' lang='lat' dir='ltr'><strong>sectusque</strong></span> <span class='ocrx_word' id='word_1_6' title='bbox 515 589 673 656; x_wconf 90' lang='lat' dir='ltr'><strong>Hercules</strong></span> <span class='ocrx_word' id='word_1_7' title='bbox 707 590 832 656; x_wconf 90' lang='lat' dir='ltr'><strong>leonem</strong></span> <span class='ocrx_word' id='word_1_8' title='bbox 862 589 1032 657; x_wconf 80' lang='lat' dir='ltr'><strong>interfecit.</strong></span> <span class='ocrx_word' id='word_1_9' title='bbox 1083 589 1295 668; x_wconf 81' lang='lat' dir='ltr'><strong>Quamobrem</strong></span> <span class='ocrx_word' id='word_1_10' title='bbox 1323 587 1388 667; x_wconf 86' lang='lat' dir='ltr'><strong>dii,</strong></span> <span class='ocrx_word' id='word_1_11' title='bbox 1428 595 1466 653; x_wconf 89' lang='lat' dir='ltr'><strong>ut</strong></span> 
     </span>
     <span class='ocr_line' id='line_1_3' title="bbox 322 691 1464 776; baseline -0.004 -15"><span class='ocrx_word' id='word_1_12' title='bbox 322 694 470 761; x_wconf 89' lang='lat' dir='ltr'><strong>Herculis</strong></span> <span class='ocrx_word' id='word_1_13' title='bbox 492 699 655 760; x_wconf 87' lang='lat' dir='ltr'><strong>certamen</strong></span> <span class='ocrx_word' id='word_1_14' title='bbox 678 694 800 760; x_wconf 88' lang='lat' dir='ltr'><strong>olorum</strong></span> <span class='ocrx_word' id='word_1_15' title='bbox 823 701 920 776; x_wconf 85' lang='lat' dir='ltr'><strong>atquc</strong></span> <span class='ocrx_word' id='word_1_16' title='bbox 941 694 1066 760; x_wconf 81' lang='lat' dir='ltr'>illustre</span> <span class='ocrx_word' id='word_1_17' title='bbox 1088 693 1268 774; x_wconf 74' lang='lat' dir='ltr'>redderent,</span> <span class='ocrx_word' id='word_1_18' title='bbox 1299 691 1405 758; x_wconf 89' lang='lat' dir='ltr'><strong>stellis</strong></span> <span class='ocrx_word' id='word_1_19' title='bbox 1428 691 1464 756; x_wconf 94' lang='lat' dir='ltr'><strong>in</strong></span> 
     </span>
     <span class='ocr_line' id='line_1_4' title="bbox 321 797 1379 882; baseline -0.008 -17"><span class='ocrx_word' id='word_1_20' title='bbox 321 798 412 866; x_wconf 89' lang='lat' dir='ltr'><strong>caelo</strong></span> <span class='ocrx_word' id='word_1_21' title='bbox 434 799 560 864; x_wconf 93' lang='lat' dir='ltr'><strong>lcouem</strong></span> <span class='ocrx_word' id='word_1_22' title='bbox 584 797 812 882; x_wconf 82' lang='lat' dir='ltr'><strong>depinxerunt;</strong></span> <span class='ocrx_word' id='word_1_23' title='bbox 840 817 879 862; x_wconf 91' lang='lat' dir='ltr'><strong>ac</strong></span> <span class='ocrx_word' id='word_1_24' title='bbox 901 817 985 864; x_wconf 91' lang='lat' dir='ltr'><strong>nunc</strong></span> <span class='ocrx_word' id='word_1_25' title='bbox 1008 797 1058 863; x_wconf 92' lang='lat' dir='ltr'><strong>leo</strong></span> <span class='ocrx_word' id='word_1_26' title='bbox 1080 797 1163 863; x_wconf 87' lang='lat' dir='ltr'><strong>iuter</strong></span> <span class='ocrx_word' id='word_1_27' title='bbox 1185 802 1274 862; x_wconf 82' lang='lat' dir='ltr'><strong>astra</strong></span> <span class='ocrx_word' id='word_1_28' title='bbox 1295 801 1379 861; x_wconf 81' lang='lat' dir='ltr'><strong>cst«</strong></span> 
     </span>
     <span class='ocr_line' id='line_1_5' title="bbox 331 887 1462 987; baseline -0.004 -19"><span class='ocrx_word' id='word_1_29' title='bbox 331 887 334 892; x_wconf 24' lang='grc' dir='ltr'>Ι</span> <span class='ocrx_word' id='word_1_30' title='bbox 407 904 443 967; x_wconf 93' lang='grc' dir='ltr'><strong>Ρ.</strong></span> <span class='ocrx_word' id='word_1_31' title='bbox 469 904 532 968; x_wconf 88' lang='grc'><strong>332</strong></span> <span class='ocrx_word' id='word_1_32' title='bbox 554 898 742 983; x_wconf 73' lang='grc' dir='ltr'><strong><em>μυθεύεται</em></strong></span> <span class='ocrx_word' id='word_1_33' title='bbox 764 937 806 948; x_wconf 94' lang='lat'><em>-</em></span> <span class='ocrx_word' id='word_1_34' title='bbox 830 898 1050 987; x_wconf 74' lang='grc' dir='ltr'><strong><em>ἐλεφάντινον</em></strong></span> <span class='ocrx_word' id='word_1_35' title='bbox 1078 899 1180 966; x_wconf 88' lang='lat' dir='ltr'><strong>videri</strong></span> <span class='ocrx_word' id='word_1_36' title='bbox 1210 898 1287 964; x_wconf 87' lang='lat' dir='ltr'><strong>mihi</strong></span> <span class='ocrx_word' id='word_1_37' title='bbox 1310 919 1328 964; x_wconf 90' lang='lat' dir='ltr'><strong>e</strong></span> <span class='ocrx_word' id='word_1_38' title='bbox 1351 897 1462 964; x_wconf 87' lang='lat' dir='ltr'><strong>Nouni</strong></span> 
     </span>
     <span class='ocr_line' id='line_1_6' title="bbox 320 1003 1458 1088; baseline -0.005 -16"><span class='ocrx_word' id='word_1_39' title='bbox 320 1006 363 1072; x_wconf 87' lang='lat' dir='ltr'><strong>ad</strong></span> <span class='ocrx_word' id='word_1_40' title='bbox 386 1005 420 1072; x_wconf 86' lang='lat' dir='ltr'><strong>S.</strong></span> <span class='ocrx_word' id='word_1_41' title='bbox 446 1005 568 1070; x_wconf 89' lang='lat' dir='ltr'><strong>lumina</strong></span> <span class='ocrx_word' id='word_1_42' title='bbox 590 1003 828 1071; x_wconf 86' lang='lat' dir='ltr'><strong>commentariis</strong></span> <span class='ocrx_word' id='word_1_43' title='bbox 851 1003 997 1070; x_wconf 86' lang='lat' dir='ltr'><strong>derivata</strong></span> <span class='ocrx_word' id='word_1_44' title='bbox 1018 1023 1090 1070; x_wconf 91' lang='lat' dir='ltr'><strong>esse</strong></span> <span class='ocrx_word' id='word_1_45' title='bbox 1113 1023 1211 1088; x_wconf 90' lang='lat' dir='ltr'><strong>supra</strong></span> <span class='ocrx_word' id='word_1_46' title='bbox 1225 1025 1258 1088; x_wconf 91' lang='lat' dir='ltr'><strong>p.</strong></span> <span class='ocrx_word' id='word_1_47' title='bbox 1276 1005 1317 1066; x_wconf 88' lang='grc'><strong>49</strong></span> <span class='ocrx_word' id='word_1_48' title='bbox 1336 1003 1458 1069; x_wconf 90' lang='lat' dir='ltr'><strong>monui.</strong></span> 
     </span>
    </p>

    <p class='ocr_par' dir='ltr' id='par_1_3' title="bbox 319 1105 1461 1917">
     <span class='ocr_line' id='line_1_7' title="bbox 407 1105 1460 1193; baseline -0.002 -20"><span class='ocrx_word' id='word_1_49' title='bbox 407 1109 444 1173; x_wconf 93' lang='lat' dir='ltr'><strong>P.</strong></span> <span class='ocrx_word' id='word_1_50' title='bbox 471 1111 529 1173; x_wconf 93' lang='grc'><strong>371</strong></span> <span class='ocrx_word' id='word_1_51' title='bbox 556 1107 720 1192; x_wconf 79' lang='grc' dir='ltr'><strong><em>περὶτοῦ</em></strong></span> <span class='ocrx_word' id='word_1_52' title='bbox 742 1107 964 1190; x_wconf 80' lang='grc' dir='ltr'><strong><em>Σαλμωνέως.</em></strong></span> <span class='ocrx_word' id='word_1_53' title='bbox 1011 1106 1117 1174; x_wconf 87' lang='lat' dir='ltr'><strong>Verba</strong></span> <span class='ocrx_word' id='word_1_54' title='bbox 1147 1105 1204 1170; x_wconf 83' lang='grc' dir='ltr'><strong>καὶ</strong></span> <span class='ocrx_word' id='word_1_55' title='bbox 1225 1105 1403 1193; x_wconf 75' lang='grc' dir='ltr'><strong>Λαοδίκης</strong></span> <span class='ocrx_word' id='word_1_56' title='bbox 1425 1107 1460 1171; x_wconf 88' lang='lat' dir='ltr'><strong>in</strong></span> 
     </span>
     <span class='ocr_line' id='line_1_8' title="bbox 320 1210 1460 1296; baseline 0 -20"><span class='ocrx_word' id='word_1_57' title='bbox 320 1212 466 1296; x_wconf 84' lang='lat' dir='ltr'>margine</span> <span class='ocrx_word' id='word_1_58' title='bbox 488 1210 580 1277; x_wconf 82' lang='lat' dir='ltr'>addit</span> <span class='ocrx_word' id='word_1_59' title='bbox 600 1211 744 1278; x_wconf 85' lang='lat' dir='ltr'><strong>Eudooia</strong></span> <span class='ocrx_word' id='word_1_60' title='bbox 768 1213 914 1278; x_wconf 75' lang='lat' dir='ltr'><strong>sallust.</strong></span> <span class='ocrx_word' id='word_1_61' title='bbox 933 1211 1027 1277; x_wconf 91' lang='lat' dir='ltr'><strong>Hom.</strong></span> <span class='ocrx_word' id='word_1_62' title='bbox 1049 1213 1127 1276; x_wconf 94' lang='grc'>1681</span> <span class='ocrx_word' id='word_1_63' title='bbox 1146 1210 1323 1293; x_wconf 91' lang='lat' dir='ltr'><strong>eodemque</strong></span> <span class='ocrx_word' id='word_1_64' title='bbox 1338 1231 1356 1277; x_wconf 93' lang='lat' dir='ltr'><strong>e</strong></span> <span class='ocrx_word' id='word_1_65' title='bbox 1371 1210 1460 1276; x_wconf 87' lang='lat' dir='ltr'><strong>fonte</strong></span> 
     </span>
     <span class='ocr_line' id='line_1_9' title="bbox 321 1310 1461 1402; baseline -0.002 -22"><span class='ocrx_word' id='word_1_66' title='bbox 321 1310 470 1401; x_wconf 82' lang='grc' dir='ltr'><strong><em>ἀδελφὸς</em></strong></span> <span class='ocrx_word' id='word_1_67' title='bbox 484 1319 657 1402; x_wconf 73' lang='grc' dir='ltr'><strong><em>Δηιονέως</em></strong></span> <span class='ocrx_word' id='word_1_68' title='bbox 679 1315 736 1378; x_wconf 87' lang='grc' dir='ltr'><strong>καὶ</strong></span> <span class='ocrx_word' id='word_1_69' title='bbox 753 1319 898 1401; x_wconf 79' lang='grc' dir='ltr'><strong><em>Κηφέως</em></strong></span> <span class='ocrx_word' id='word_1_70' title='bbox 925 1316 1029 1397; x_wconf 78' lang='lat' dir='ltr'><strong>[quem</strong></span> <span class='ocrx_word' id='word_1_71' title='bbox 1052 1314 1224 1382; x_wconf 82' lang='lat' dir='ltr'><strong>Cretheum</strong></span> <span class='ocrx_word' id='word_1_72' title='bbox 1247 1314 1386 1380; x_wconf 79' lang='lat' dir='ltr'>debebat</span> <span class='ocrx_word' id='word_1_73' title='bbox 1408 1313 1461 1378; x_wconf 90' lang='lat' dir='ltr'><strong>di-</strong></span> 
     </span>
     <span class='ocr_line' id='line_1_10' title="bbox 320 1417 1460 1504; baseline -0.004 -18"><span class='ocrx_word' id='word_1_74' title='bbox 320 1439 410 1500; x_wconf 89' lang='lat' dir='ltr'><strong>ccre;</strong></span> <span class='ocrx_word' id='word_1_75' title='bbox 443 1419 530 1485; x_wconf 89' lang='lat' dir='ltr'><strong>idem</strong></span> <span class='ocrx_word' id='word_1_76' title='bbox 559 1418 672 1484; x_wconf 88' lang='lat' dir='ltr'><strong>vitium</strong></span> <span class='ocrx_word' id='word_1_77' title='bbox 702 1419 891 1485; x_wconf 88' lang='lat' dir='ltr'><strong>observatur</strong></span> <span class='ocrx_word' id='word_1_78' title='bbox 920 1419 995 1484; x_wconf 90' lang='lat' dir='ltr'><strong>viol.</strong></span> <span class='ocrx_word' id='word_1_79' title='bbox 1021 1441 1053 1504; x_wconf 93' lang='lat' dir='ltr'><strong>p.</strong></span> <span class='ocrx_word' id='word_1_80' title='bbox 1072 1420 1161 1498; x_wconf 71' lang='lat'><strong>260).</strong></span> <span class='ocrx_word' id='word_1_81' title='bbox 1208 1417 1344 1484; x_wconf 88' lang='lat' dir='ltr'><strong>Omnino</strong></span> <span class='ocrx_word' id='word_1_82' title='bbox 1373 1437 1460 1501; x_wconf 86' lang='lat' dir='ltr'><strong>quac</strong></span> 
     </span>
     <span class='ocr_line' id='line_1_11' title="bbox 321 1520 1459 1608; baseline -0.003 -19"><span class='ocrx_word' id='word_1_83' title='bbox 321 1523 364 1590; x_wconf 89' lang='lat' dir='ltr'><strong>ad</strong></span> <span class='ocrx_word' id='word_1_84' title='bbox 386 1523 518 1589; x_wconf 89' lang='lat' dir='ltr'><strong>heroum</strong></span> <span class='ocrx_word' id='word_1_85' title='bbox 540 1522 750 1606; x_wconf 85' lang='lat' dir='ltr'><strong>genealogias</strong></span> <span class='ocrx_word' id='word_1_86' title='bbox 768 1521 929 1608; x_wconf 85' lang='lat' dir='ltr'><strong>pertinent</strong></span> <span class='ocrx_word' id='word_1_87' title='bbox 942 1522 978 1588; x_wconf 88' lang='lat' dir='ltr'><strong>in</strong></span> <span class='ocrx_word' id='word_1_88' title='bbox 993 1528 1058 1588; x_wconf 89' lang='lat' dir='ltr'><strong>toto</strong></span> <span class='ocrx_word' id='word_1_89' title='bbox 1073 1521 1206 1588; x_wconf 87' lang='lat' dir='ltr'><strong>violario</strong></span> <span class='ocrx_word' id='word_1_90' title='bbox 1222 1520 1459 1588; x_wconf 80' lang='lat' dir='ltr'><strong>studiosissime</strong></span> 
     </span>
     <span class='ocr_line' id='line_1_12' title="bbox 321 1625 1460 1712; baseline 0 -22"><span class='ocrx_word' id='word_1_91' title='bbox 321 1625 473 1709; x_wconf 78' lang='lat' dir='ltr'><strong>colligere</strong></span> <span class='ocrx_word' id='word_1_92' title='bbox 496 1633 528 1692; x_wconf 91' lang='lat' dir='ltr'><strong>et</strong></span> <span class='ocrx_word' id='word_1_93' title='bbox 550 1626 635 1692; x_wconf 85' lang='lat' dir='ltr'><strong>datis</strong></span> <span class='ocrx_word' id='word_1_94' title='bbox 657 1625 876 1692; x_wconf 79' lang='lat' dir='ltr'><strong>occasionibus</strong></span> <span class='ocrx_word' id='word_1_95' title='bbox 899 1626 1043 1712; x_wconf 86' lang='lat' dir='ltr'><strong>proferre</strong></span> <span class='ocrx_word' id='word_1_96' title='bbox 1061 1627 1144 1692; x_wconf 87' lang='lat' dir='ltr'><strong>solet</strong></span> <span class='ocrx_word' id='word_1_97' title='bbox 1157 1626 1311 1693; x_wconf 78' lang='lat' dir='ltr'><strong>liudoeia.</strong></span> <span class='ocrx_word' id='word_1_98' title='bbox 1351 1625 1460 1690; x_wconf 89' lang='lat' dir='ltr'><strong>Verba</strong></span> 
     </span>
     <span class='ocr_line' id='line_1_13' title="bbox 320 1722 1458 1816; baseline 0 -22"><span class='ocrx_word' id='word_1_99' title='bbox 320 1727 373 1794; x_wconf 81' lang='grc' dir='ltr'><strong><em>διὸ</em></strong></span> <span class='ocrx_word' id='word_1_100' title='bbox 396 1729 453 1794; x_wconf 86' lang='grc' dir='ltr'><strong>καί</strong></span> <span class='ocrx_word' id='word_1_101' title='bbox 476 1722 700 1815; x_wconf 78' lang='grc' dir='ltr'><strong><em>ἀντιβροντᾶν</em></strong></span> <span class='ocrx_word' id='word_1_102' title='bbox 713 1767 756 1778; x_wconf 91' lang='grc'>-</span> <span class='ocrx_word' id='word_1_103' title='bbox 772 1725 950 1816; x_wconf 60' lang='lat' dir='ltr'><strong>spuentes]</strong></span> <span class='ocrx_word' id='word_1_104' title='bbox 974 1737 1006 1796; x_wconf 88' lang='lat' dir='ltr'><strong>et</strong></span> <span class='ocrx_word' id='word_1_105' title='bbox 1023 1723 1227 1816; x_wconf 82' lang='grc' dir='ltr'><strong><em>Ὅμηρος-</em></strong></span> <span class='ocrx_word' id='word_1_106' title='bbox 1243 1730 1338 1794; x_wconf 85' lang='grc' dir='ltr'><strong><em>καλεῖ</em></strong></span> <span class='ocrx_word' id='word_1_107' title='bbox 1365 1729 1458 1812; x_wconf 84' lang='lat' dir='ltr'><strong>(haee</strong></span> 
     </span>
     <span class='ocr_line' id='line_1_14' title="bbox 319 1832 1255 1917; baseline 0.003 -20"><span class='ocrx_word' id='word_1_108' title='bbox 319 1832 353 1898; x_wconf 91' lang='lat' dir='ltr'><strong>iu</strong></span> <span class='ocrx_word' id='word_1_109' title='bbox 376 1832 529 1916; x_wconf 82' lang='lat' dir='ltr'><strong>margine)</strong></span> <span class='ocrx_word' id='word_1_110' title='bbox 557 1853 597 1899; x_wconf 82' lang='lat' dir='ltr'><strong>ex</strong></span> <span class='ocrx_word' id='word_1_111' title='bbox 620 1834 712 1898; x_wconf 83' lang='lat' dir='ltr'><strong>Eust.</strong></span> <span class='ocrx_word' id='word_1_112' title='bbox 737 1834 831 1898; x_wconf 91' lang='lat' dir='ltr'><strong>Hom.</strong></span> <span class='ocrx_word' id='word_1_113' title='bbox 861 1835 938 1898; x_wconf 85' lang='lat'>1681</span> <span class='ocrx_word' id='word_1_114' title='bbox 959 1853 1007 1917; x_wconf 89' lang='lat' dir='ltr'><strong>sq.</strong></span> <span class='ocrx_word' id='word_1_115' title='bbox 1033 1833 1149 1900; x_wconf 84' lang='lat' dir='ltr'><strong>hausta</strong></span> <span class='ocrx_word' id='word_1_116' title='bbox 1171 1840 1255 1900; x_wconf 90' lang='lat' dir='ltr'><strong>sunt.</strong></span> 
     </span>
    </p>

    <p class='ocr_par' dir='ltr' id='par_1_4' title="bbox 320 1933 1460 2124">
     <span class='ocr_line' id='line_1_15' title="bbox 406 1933 1460 2022; baseline -0.002 -21"><span class='ocrx_word' id='word_1_117' title='bbox 406 1937 442 2001; x_wconf 90' lang='lat' dir='ltr'><strong>P.</strong></span> <span class='ocrx_word' id='word_1_118' title='bbox 462 1939 522 2002; x_wconf 91' lang='grc'><strong>397</strong></span> <span class='ocrx_word' id='word_1_119' title='bbox 546 1937 625 2022; x_wconf 82' lang='grc' dir='ltr'><strong><em>περί</em></strong></span> <span class='ocrx_word' id='word_1_120' title='bbox 650 1943 716 2002; x_wconf 82' lang='grc' dir='ltr'><strong>τῶν</strong></span> <span class='ocrx_word' id='word_1_121' title='bbox 737 1933 871 2022; x_wconf 74' lang='grc' dir='ltr'><strong><em>τράγων</em></strong></span> <span class='ocrx_word' id='word_1_122' title='bbox 885 1961 915 2001; x_wconf 87' lang='grc' dir='ltr'><strong>κ.</strong></span> <span class='ocrx_word' id='word_1_123' title='bbox 934 1961 963 2000; x_wconf 89' lang='grc' dir='ltr'><strong>τ.</strong></span> <span class='ocrx_word' id='word_1_124' title='bbox 982 1937 1011 2000; x_wconf 94' lang='grc' dir='ltr'><strong>λ.</strong></span> <span class='ocrx_word' id='word_1_125' title='bbox 1046 1935 1169 2002; x_wconf 78' lang='grc' dir='ltr'><strong><em>ἔστιδὲ</em></strong></span> <span class='ocrx_word' id='word_1_126' title='bbox 1185 1937 1221 2002; x_wconf 74' lang='grc' dir='ltr'><strong>ἓν</strong></span> <span class='ocrx_word' id='word_1_127' title='bbox 1237 1935 1272 2002; x_wconf 76' lang='grc' dir='ltr'><strong>ἐκ</strong></span> <span class='ocrx_word' id='word_1_128' title='bbox 1288 1943 1355 2002; x_wconf 79' lang='grc' dir='ltr'><strong>τῶν</strong></span> <span class='ocrx_word' id='word_1_129' title='bbox 1370 1934 1460 2002; x_wconf 68' lang='lat' dir='ltr'><strong>decad</strong></span> 
     </span>
     <span class='ocr_line' id='line_1_16' title="bbox 320 2036 1229 2124; baseline 0.002 -20"><span class='ocrx_word' id='word_1_130' title='bbox 320 2046 381 2105; x_wconf 77' lang='lat' dir='ltr'><strong>rob</strong></span> <span class='ocrx_word' id='word_1_131' title='bbox 405 2040 531 2106; x_wconf 80' lang='grc' dir='ltr'><strong><em>Νείλου</em></strong></span> <span class='ocrx_word' id='word_1_132' title='bbox 554 2036 732 2122; x_wconf 86' lang='grc' dir='ltr'><strong><em>στομάτων</em></strong></span> <span class='ocrx_word' id='word_1_133' title='bbox 760 2039 860 2122; x_wconf 85' lang='lat' dir='ltr'><strong>[Suid.</strong></span> <span class='ocrx_word' id='word_1_134' title='bbox 886 2039 909 2106; x_wconf 92' lang='lat' dir='ltr'><strong>i.</strong></span> <span class='ocrx_word' id='word_1_135' title='bbox 935 2043 979 2124; x_wconf 76' lang='lat' dir='ltr'><strong>v.)</strong></span> <span class='ocrx_word' id='word_1_136' title='bbox 1006 2040 1108 2106; x_wconf 88' lang='lat' dir='ltr'><strong>Phav.</strong></span> <span class='ocrx_word' id='word_1_137' title='bbox 1137 2043 1229 2106; x_wconf 86' lang='grc'>1236.</span> 
     </span>
    </p>

    <p class='ocr_par' dir='ltr' id='par_1_5' title="bbox 406 2138 1458 2231">
     <span class='ocr_line' id='line_1_17' title="bbox 406 2138 1458 2231; baseline -0.001 -24"><span class='ocrx_word' id='word_1_138' title='bbox 406 2144 442 2209; x_wconf 91' lang='lat' dir='ltr'><strong>P.</strong></span> <span class='ocrx_word' id='word_1_139' title='bbox 460 2147 523 2208; x_wconf 84' lang='grc'><strong>129</strong></span> <span class='ocrx_word' id='word_1_140' title='bbox 547 2145 628 2230; x_wconf 80' lang='grc' dir='ltr'><strong><em>περὶ</em></strong></span> <span class='ocrx_word' id='word_1_141' title='bbox 649 2150 707 2231; x_wconf 75' lang='grc' dir='ltr'><strong>τῆς</strong></span> <span class='ocrx_word' id='word_1_142' title='bbox 729 2150 796 2210; x_wconf 81' lang='grc' dir='ltr'><strong>τῶν</strong></span> <span class='ocrx_word' id='word_1_143' title='bbox 811 2143 998 2210; x_wconf 82' lang='grc' dir='ltr'><strong><em>Χαλδαίων</em></strong></span> <span class='ocrx_word' id='word_1_144' title='bbox 1014 2138 1108 2230; x_wconf 88' lang='grc' dir='ltr'><strong><em>άοτρ.</em></strong></span> <span class='ocrx_word' id='word_1_145' title='bbox 1142 2144 1223 2211; x_wconf 84' lang='lat' dir='ltr'><strong>Vide</strong></span> <span class='ocrx_word' id='word_1_146' title='bbox 1239 2162 1337 2229; x_wconf 90' lang='lat' dir='ltr'><strong>supra</strong></span> <span class='ocrx_word' id='word_1_147' title='bbox 1350 2165 1383 2229; x_wconf 89' lang='lat' dir='ltr'><strong>p.</strong></span> <span class='ocrx_word' id='word_1_148' title='bbox 1402 2146 1458 2207; x_wconf 80' lang='grc'><strong>49.</strong></span> 
     </span>
    </p>

    <p class='ocr_par' dir='ltr' id='par_1_6' title="bbox 318 2237 1462 2542">
     <span class='ocr_line' id='line_1_18' title="bbox 405 2237 1460 2335; baseline -0.005 -22"><span class='ocrx_word' id='word_1_149' title='bbox 405 2249 441 2314; x_wconf 91' lang='lat' dir='ltr'><strong>P.</strong></span> <span class='ocrx_word' id='word_1_150' title='bbox 463 2251 523 2313; x_wconf 89' lang='grc'><strong>139</strong></span> <span class='ocrx_word' id='word_1_151' title='bbox 547 2237 653 2334; x_wconf 84' lang='grc' dir='ltr'><strong><em>οὗπερ</em></strong></span> <span class='ocrx_word' id='word_1_152' title='bbox 676 2243 721 2335; x_wconf 80' lang='grc' dir='ltr'><strong>μὴ</strong></span> <span class='ocrx_word' id='word_1_153' title='bbox 745 2245 931 2331; x_wconf 78' lang='grc' dir='ltr'><strong><em>δυνάμενος</em></strong></span> <span class='ocrx_word' id='word_1_154' title='bbox 952 2286 996 2296; x_wconf 91' lang='grc'><strong>-</strong></span> <span class='ocrx_word' id='word_1_155' title='bbox 1018 2246 1165 2334; x_wconf 75' lang='grc' dir='ltr'><strong><em>θάλψιν.</em></strong></span> <span class='ocrx_word' id='word_1_156' title='bbox 1205 2249 1232 2313; x_wconf 84' lang='grc' dir='ltr'>Ε</span> <span class='ocrx_word' id='word_1_157' title='bbox 1254 2248 1370 2314; x_wconf 86' lang='lat' dir='ltr'><strong>Nonne</strong></span> <span class='ocrx_word' id='word_1_158' title='bbox 1386 2247 1401 2310; x_wconf 93' lang='lat'><em>1</em></span> <span class='ocrx_word' id='word_1_159' title='bbox 1418 2251 1460 2310; x_wconf 83' lang='grc'><strong>26</strong></span> 
     </span>
     <span class='ocr_line' id='line_1_19' title="bbox 320 2351 1462 2438; baseline -0.003 -20"><span class='ocrx_word' id='word_1_160' title='bbox 320 2353 400 2418; x_wconf 87' lang='lat' dir='ltr'><strong>baec</strong></span> <span class='ocrx_word' id='word_1_161' title='bbox 422 2358 491 2418; x_wconf 85' lang='lat' dir='ltr'><strong>orta</strong></span> <span class='ocrx_word' id='word_1_162' title='bbox 513 2373 576 2418; x_wconf 92' lang='lat' dir='ltr'><strong>nou</strong></span> <span class='ocrx_word' id='word_1_163' title='bbox 598 2359 684 2418; x_wconf 90' lang='lat' dir='ltr'><strong>sunt.</strong></span> <span class='ocrx_word' id='word_1_164' title='bbox 727 2352 821 2419; x_wconf 91' lang='lat' dir='ltr'><strong>Unde</strong></span> <span class='ocrx_word' id='word_1_165' title='bbox 836 2353 1041 2438; x_wconf 84' lang='lat' dir='ltr'><strong>provenirent</strong></span> <span class='ocrx_word' id='word_1_166' title='bbox 1062 2352 1202 2419; x_wconf 90' lang='lat' dir='ltr'><strong>nondum</strong></span> <span class='ocrx_word' id='word_1_167' title='bbox 1225 2351 1303 2416; x_wconf 92' lang='lat' dir='ltr'><strong>mihi</strong></span> <span class='ocrx_word' id='word_1_168' title='bbox 1326 2351 1462 2434; x_wconf 84' lang='lat' dir='ltr'><strong>contigit</strong></span> 
     </span>
     <span class='ocr_line' id='line_1_20' title="bbox 318 2454 1457 2542; baseline -0.002 -20"><span class='ocrx_word' id='word_1_169' title='bbox 318 2464 353 2522; x_wconf 89' lang='lat' dir='ltr'><strong>ut</strong></span> <span class='ocrx_word' id='word_1_170' title='bbox 374 2457 592 2542; x_wconf 64' lang='lat' dir='ltr'><strong>explorarem</strong></span> <span class='ocrx_word' id='word_1_171' title='bbox 618 2475 812 2538; x_wconf 84' lang='lat' dir='ltr'><strong>quamquam</strong></span> <span class='ocrx_word' id='word_1_172' title='bbox 834 2463 969 2541; x_wconf 88' lang='lat' dir='ltr'><strong>possunt</strong></span> <span class='ocrx_word' id='word_1_173' title='bbox 990 2455 1031 2521; x_wconf 86' lang='lat' dir='ltr'><strong>ab</strong></span> <span class='ocrx_word' id='word_1_174' title='bbox 1046 2455 1117 2540; x_wconf 93' lang='lat' dir='ltr'><strong>ipso</strong></span> <span class='ocrx_word' id='word_1_175' title='bbox 1132 2455 1262 2521; x_wconf 84' lang='lat' dir='ltr'><strong>falsario</strong></span> <span class='ocrx_word' id='word_1_176' title='bbox 1277 2454 1353 2521; x_wconf 84' lang='lat' dir='ltr'><strong>ficta</strong></span> <span class='ocrx_word' id='word_1_177' title='bbox 1369 2475 1457 2521; x_wconf 88' lang='lat' dir='ltr'><strong>esse.</strong></span> 
     </span>
    </p>

    <p class='ocr_par' dir='ltr' id='par_1_7' title="bbox 316 2546 1461 3267">
     <span class='ocr_line' id='line_1_21' title="bbox 406 2546 1458 2644; baseline 0 -20"><span class='ocrx_word' id='word_1_178' title='bbox 406 2561 443 2625; x_wconf 94' lang='lat' dir='ltr'><strong>P.</strong></span> <span class='ocrx_word' id='word_1_179' title='bbox 464 2563 524 2624; x_wconf 83' lang='lat'><strong>195</strong></span> <span class='ocrx_word' id='word_1_180' title='bbox 549 2551 566 2623; x_wconf 85' lang='grc' dir='ltr'>ὁ</span> <span class='ocrx_word' id='word_1_181' title='bbox 584 2546 644 2624; x_wconf 82' lang='grc' dir='ltr'><strong>οὗν</strong></span> <span class='ocrx_word' id='word_1_182' title='bbox 658 2555 802 2634; x_wconf 82' lang='grc' dir='ltr'><strong><em>Ζεὺς-</em></strong></span> <span class='ocrx_word' id='word_1_183' title='bbox 817 2562 982 2644; x_wconf 74' lang='grc' dir='ltr'><strong><em>γεωργίαν</em></strong></span> <span class='ocrx_word' id='word_1_184' title='bbox 997 2556 1136 2638; x_wconf 76' lang='grc' dir='ltr'><strong><em>διδάξας</em></strong></span> <span class='ocrx_word' id='word_1_185' title='bbox 1157 2579 1178 2624; x_wconf 87' lang='lat' dir='ltr'><strong>a</strong></span> <span class='ocrx_word' id='word_1_186' title='bbox 1193 2559 1307 2624; x_wconf 90' lang='lat' dir='ltr'><strong>Nouno</strong></span> <span class='ocrx_word' id='word_1_187' title='bbox 1322 2559 1357 2624; x_wconf 87' lang='lat' dir='ltr'><strong>S.</strong></span> <span class='ocrx_word' id='word_1_188' title='bbox 1375 2559 1458 2624; x_wconf 89' lang='lat' dir='ltr'><strong>lum.</strong></span> 
     </span>
     <span class='ocr_line' id='line_1_22' title="bbox 321 2652 1461 2730; baseline 0.002 -4"><span class='ocrx_word' id='word_1_189' title='bbox 321 2667 334 2726; x_wconf 86' lang='lat'>1</span> <span class='ocrx_word' id='word_1_190' title='bbox 354 2663 469 2730; x_wconf 86' lang='lat' dir='ltr'><strong>abesse</strong></span> <span class='ocrx_word' id='word_1_191' title='bbox 485 2669 570 2728; x_wconf 91' lang='lat' dir='ltr'><strong>recte</strong></span> <span class='ocrx_word' id='word_1_192' title='bbox 585 2669 693 2728; x_wconf 90' lang='lat' dir='ltr'><strong>mouet</strong></span> <span class='ocrx_word' id='word_1_193' title='bbox 706 2662 819 2727; x_wconf 83' lang='lat' dir='ltr'><strong>Flscb.</strong></span> <span class='ocrx_word' id='word_1_194' title='bbox 859 2663 902 2727; x_wconf 87' lang='lat' dir='ltr'><strong>At</strong></span> <span class='ocrx_word' id='word_1_195' title='bbox 922 2662 1007 2728; x_wconf 89' lang='lat' dir='ltr'><strong>enirn</strong></span> <span class='ocrx_word' id='word_1_196' title='bbox 1029 2661 1086 2728; x_wconf 88' lang='lat' dir='ltr'><strong>alii</strong></span> <span class='ocrx_word' id='word_1_197' title='bbox 1107 2671 1182 2728; x_wconf 89' lang='lat' dir='ltr'><strong>sunt</strong></span> <span class='ocrx_word' id='word_1_198' title='bbox 1196 2661 1320 2729; x_wconf 87' lang='lat' dir='ltr'><strong>fontes:</strong></span> <span class='ocrx_word' id='word_1_199' title='bbox 1342 2655 1380 2726; x_wconf 88' lang='grc' dir='ltr'><strong><em>Ὁ</em></strong></span> <span class='ocrx_word' id='word_1_200' title='bbox 1397 2652 1461 2728; x_wconf 76' lang='grc' dir='ltr'><strong>οὖν</strong></span> 
     </span>
     <span class='ocr_line' id='line_1_23' title="bbox 319 2759 1461 2854; baseline 0.004 -27"><span class='ocrx_word' id='word_1_201' title='bbox 319 2763 469 2841; x_wconf 79' lang='grc' dir='ltr'><strong><em>Ζεὺς-</em></strong></span> <span class='ocrx_word' id='word_1_202' title='bbox 495 2759 637 2852; x_wconf 80' lang='grc' dir='ltr'><strong><em>Οὐρανῷ</em></strong></span> <span class='ocrx_word' id='word_1_203' title='bbox 658 2766 764 2832; x_wconf 83' lang='lat' dir='ltr'><strong>Noun.</strong></span> <span class='ocrx_word' id='word_1_204' title='bbox 790 2767 880 2843; x_wconf 77' lang='lat'>1893</span> <span class='ocrx_word' id='word_1_205' title='bbox 907 2765 949 2832; x_wconf 86' lang='lat' dir='ltr'><strong>ef.</strong></span> <span class='ocrx_word' id='word_1_206' title='bbox 973 2766 1106 2852; x_wconf 82' lang='lat' dir='ltr'><strong>interpr.</strong></span> <span class='ocrx_word' id='word_1_207' title='bbox 1130 2766 1219 2832; x_wconf 84' lang='lat' dir='ltr'><strong>Billii</strong></span> <span class='ocrx_word' id='word_1_208' title='bbox 1260 2765 1264 2854; x_wconf 89' lang='grc' dir='ltr'>Ι</span> <span class='ocrx_word' id='word_1_209' title='bbox 1305 2763 1350 2854; x_wconf 80' lang='grc' dir='ltr'><strong>μιΙ</strong></span> <span class='ocrx_word' id='word_1_210' title='bbox 1373 2771 1461 2849; x_wconf 77' lang='grc' dir='ltr'><strong><em>βου-</em></strong></span> 
     </span>
     <span class='ocr_line' id='line_1_24' title="bbox 318 2861 1461 2957; baseline 0 -25"><span class='ocrx_word' id='word_1_211' title='bbox 318 2865 461 2950; x_wconf 88' lang='grc' dir='ltr'><strong><em>λόμενος</em></strong></span> <span class='ocrx_word' id='word_1_212' title='bbox 482 2907 524 2917; x_wconf 88' lang='grc'>-</span> <span class='ocrx_word' id='word_1_213' title='bbox 548 2863 672 2956; x_wconf 82' lang='grc' dir='ltr'><strong><em>άιμροῦ.</em></strong></span> <span class='ocrx_word' id='word_1_214' title='bbox 709 2869 904 2934; x_wconf 86' lang='lat' dir='ltr'><strong>Nonn.l88</strong></span> <span class='ocrx_word' id='word_1_215' title='bbox 940 2870 945 2955; x_wconf 89' lang='grc' dir='ltr'>Ι</span> <span class='ocrx_word' id='word_1_216' title='bbox 978 2869 1035 2934; x_wconf 88' lang='grc' dir='ltr'><strong>καί</strong></span> <span class='ocrx_word' id='word_1_217' title='bbox 1058 2861 1164 2946; x_wconf 75' lang='grc' dir='ltr'><strong><em>οὕτως</em></strong></span> <span class='ocrx_word' id='word_1_218' title='bbox 1186 2867 1286 2952; x_wconf 69' lang='grc' dir='ltr'><strong><em>ἔλαβε</em></strong></span> <span class='ocrx_word' id='word_1_219' title='bbox 1309 2867 1371 2957; x_wconf 66' lang='lat' dir='ltr'><strong>ripa</strong></span> <span class='ocrx_word' id='word_1_220' title='bbox 1391 2874 1461 2952; x_wconf 74' lang='grc' dir='ltr'><strong>βα-</strong></span> 
     </span>
     <span class='ocr_line' id='line_1_25' title="bbox 318 2963 1461 3059; baseline 0.003 -24"><span class='ocrx_word' id='word_1_221' title='bbox 318 2973 448 3038; x_wconf 84' lang='grc' dir='ltr'><strong><em>σιλείαν</em></strong></span> <span class='ocrx_word' id='word_1_222' title='bbox 470 2967 487 3038; x_wconf 83' lang='grc' dir='ltr'>ὁ</span> <span class='ocrx_word' id='word_1_223' title='bbox 513 2970 645 3059; x_wconf 80' lang='grc' dir='ltr'><strong><em>Κρόνος</em></strong></span> <span class='ocrx_word' id='word_1_224' title='bbox 668 2991 777 3038; x_wconf 81' lang='lat' dir='ltr'><strong>rursus</strong></span> <span class='ocrx_word' id='word_1_225' title='bbox 798 2972 903 3037; x_wconf 84' lang='lat' dir='ltr'><strong>Nono.</strong></span> <span class='ocrx_word' id='word_1_226' title='bbox 921 2972 936 3037; x_wconf 95' lang='lat' dir='ltr'>I</span> <span class='ocrx_word' id='word_1_227' title='bbox 952 2974 993 3038; x_wconf 89' lang='grc'><strong>89</strong></span> <span class='ocrx_word' id='word_1_228' title='bbox 1027 2973 1031 3057; x_wconf 98' lang='grc' dir='ltr'>Ι</span> <span class='ocrx_word' id='word_1_229' title='bbox 1066 2963 1164 3050; x_wconf 81' lang='grc' dir='ltr'><strong><em>οὗτος</em></strong></span> <span class='ocrx_word' id='word_1_230' title='bbox 1186 2978 1301 3040; x_wconf 81' lang='grc' dir='ltr'><strong><em>τοίνυν</em></strong></span> <span class='ocrx_word' id='word_1_231' title='bbox 1321 3011 1364 3021; x_wconf 89' lang='grc'><strong><em>-</em></strong></span> <span class='ocrx_word' id='word_1_232' title='bbox 1389 2974 1461 3041; x_wconf 77' lang='grc' dir='ltr'><strong><em>ἐτί-</em></strong></span> 
     </span>
     <span class='ocr_line' id='line_1_26' title="bbox 316 3075 1461 3163; baseline 0.006 -25"><span class='ocrx_word' id='word_1_233' title='bbox 316 3098 439 3163; x_wconf 78' lang='grc' dir='ltr'><strong><em>μησαν.</em></strong></span> <span class='ocrx_word' id='word_1_234' title='bbox 472 3077 574 3143; x_wconf 83' lang='lat' dir='ltr'><strong>codex</strong></span> <span class='ocrx_word' id='word_1_235' title='bbox 603 3076 706 3142; x_wconf 89' lang='lat' dir='ltr'><strong>Paris.</strong></span> <span class='ocrx_word' id='word_1_236' title='bbox 732 3079 834 3150; x_wconf 81' lang='lat'>2600;</span> <span class='ocrx_word' id='word_1_237' title='bbox 868 3075 909 3141; x_wconf 86' lang='lat' dir='ltr'><strong>of.</strong></span> <span class='ocrx_word' id='word_1_238' title='bbox 935 3076 1055 3158; x_wconf 86' lang='lat' dir='ltr'><strong>Miller,</strong></span> <span class='ocrx_word' id='word_1_239' title='bbox 1089 3077 1212 3162; x_wconf 78' lang='lat' dir='ltr'><strong>periple</strong></span> <span class='ocrx_word' id='word_1_240' title='bbox 1241 3077 1283 3144; x_wconf 91' lang='lat' dir='ltr'><strong>de</strong></span> <span class='ocrx_word' id='word_1_241' title='bbox 1312 3079 1461 3145; x_wconf 80' lang='lat' dir='ltr'><strong>Marcion</strong></span> 
     </span>
     <span class='ocr_line' id='line_1_27' title="bbox 317 3172 1458 3267; baseline 0.004 -23"><span class='ocrx_word' id='word_1_242' title='bbox 317 3179 504 3246; x_wconf 77' lang='lat' dir='ltr'><strong>d’Hdraclde</strong></span> <span class='ocrx_word' id='word_1_243' title='bbox 520 3203 552 3266; x_wconf 93' lang='lat' dir='ltr'><strong>p.</strong></span> <span class='ocrx_word' id='word_1_244' title='bbox 572 3184 627 3244; x_wconf 90' lang='grc'><strong>311</strong></span> <span class='ocrx_word' id='word_1_245' title='bbox 667 3177 672 3266; x_wconf 96' lang='grc' dir='ltr'>Ι</span> <span class='ocrx_word' id='word_1_246' title='bbox 706 3172 750 3256; x_wconf 85' lang='grc' dir='ltr'><strong>ὡς</strong></span> <span class='ocrx_word' id='word_1_247' title='bbox 766 3173 784 3267; x_wconf 83' lang='grc' dir='ltr'><em>ἡ</em></span> <span class='ocrx_word' id='word_1_248' title='bbox 801 3176 968 3266; x_wconf 76' lang='grc' dir='ltr'><strong><em>δημιάδης</em></strong></span> <span class='ocrx_word' id='word_1_249' title='bbox 982 3217 1025 3228; x_wconf 90' lang='grc'>-</span> <span class='ocrx_word' id='word_1_250' title='bbox 1040 3173 1128 3245; x_wconf 73' lang='grc' dir='ltr'><strong><em>εἶναι</em></strong></span> <span class='ocrx_word' id='word_1_251' title='bbox 1143 3181 1249 3246; x_wconf 84' lang='lat' dir='ltr'><strong>Noun.</strong></span> <span class='ocrx_word' id='word_1_252' title='bbox 1267 3183 1302 3247; x_wconf 82' lang='lat' dir='ltr'><strong>S.</strong></span> <span class='ocrx_word' id='word_1_253' title='bbox 1322 3183 1402 3248; x_wconf 88' lang='lat' dir='ltr'><strong>lom.</strong></span> <span class='ocrx_word' id='word_1_254' title='bbox 1428 3189 1458 3248; x_wconf 93' lang='lat' dir='ltr'><strong>l.</strong></span> 
     </span>
    </p>

    <p class='ocr_par' dir='ltr' id='par_1_8' title="bbox 315 3277 1460 3679">
     <span class='ocr_line' id='line_1_28' title="bbox 403 3277 1460 3371; baseline 0.003 -23"><span class='ocrx_word' id='word_1_255' title='bbox 403 3285 437 3349; x_wconf 90' lang='lat' dir='ltr'><strong>P.</strong></span> <span class='ocrx_word' id='word_1_256' title='bbox 464 3289 520 3349; x_wconf 84' lang='grc'><strong>441</strong></span> <span class='ocrx_word' id='word_1_257' title='bbox 554 3283 633 3370; x_wconf 79' lang='grc' dir='ltr'><strong><em>ιτερί</em></strong></span> <span class='ocrx_word' id='word_1_258' title='bbox 655 3290 715 3349; x_wconf 81' lang='grc' dir='ltr'><strong>τοῦ</strong></span> <span class='ocrx_word' id='word_1_259' title='bbox 734 3277 907 3369; x_wconf 89' lang='grc' dir='ltr'><strong><em>Ὠρίωνος.</em></strong></span> <span class='ocrx_word' id='word_1_260' title='bbox 955 3285 1060 3350; x_wconf 83' lang='lat' dir='ltr'><strong>Verba</strong></span> <span class='ocrx_word' id='word_1_261' title='bbox 1083 3279 1208 3371; x_wconf 86' lang='grc' dir='ltr'><strong><em>άστρον</em></strong></span> <span class='ocrx_word' id='word_1_262' title='bbox 1228 3289 1391 3371; x_wconf 77' lang='grc' dir='ltr'><strong><em>μέγιστον</em></strong></span> <span class='ocrx_word' id='word_1_263' title='bbox 1413 3327 1460 3336; x_wconf 91' lang='lat'><strong>--</strong></span> 
     </span>
     <span class='ocr_line' id='line_1_29' title="bbox 317 3381 1460 3474; baseline 0.007 -24"><span class='ocrx_word' id='word_1_264' title='bbox 317 3381 401 3474; x_wconf 77' lang='grc' dir='ltr'><strong><em>ἱΙρωι·</em></strong></span> <span class='ocrx_word' id='word_1_265' title='bbox 432 3389 572 3471; x_wconf 87' lang='lat' dir='ltr'><strong>itemque</strong></span> <span class='ocrx_word' id='word_1_266' title='bbox 602 3388 635 3452; x_wconf 91' lang='lat' dir='ltr'><strong>iu</strong></span> <span class='ocrx_word' id='word_1_267' title='bbox 664 3387 931 3472; x_wconf 81' lang='lat' dir='ltr'><strong>praecedentibus</strong></span> <span class='ocrx_word' id='word_1_268' title='bbox 961 3389 1118 3471; x_wconf 88' lang='lat' dir='ltr'><strong>quaedam</strong></span> <span class='ocrx_word' id='word_1_269' title='bbox 1149 3388 1192 3454; x_wconf 86' lang='lat' dir='ltr'><strong>ad</strong></span> <span class='ocrx_word' id='word_1_270' title='bbox 1220 3389 1326 3455; x_wconf 88' lang='lat' dir='ltr'><strong>Nonui</strong></span> <span class='ocrx_word' id='word_1_271' title='bbox 1355 3393 1460 3460; x_wconf 80' lang='lat' dir='ltr'><strong>verba</strong></span> 
     </span>
     <span class='ocr_line' id='line_1_30' title="bbox 315 3491 1456 3576; baseline 0.004 -20"><span class='ocrx_word' id='word_1_272' title='bbox 315 3491 358 3556; x_wconf 91' lang='lat' dir='ltr'><strong>ad</strong></span> <span class='ocrx_word' id='word_1_273' title='bbox 388 3491 457 3557; x_wconf 84' lang='lat' dir='ltr'><strong>fun.</strong></span> <span class='ocrx_word' id='word_1_274' title='bbox 488 3493 563 3558; x_wconf 89' lang='lat' dir='ltr'><strong>Bas.</strong></span> <span class='ocrx_word' id='word_1_275' title='bbox 590 3497 609 3556; x_wconf 88' lang='grc'>6</span> <span class='ocrx_word' id='word_1_276' title='bbox 638 3491 731 3558; x_wconf 88' lang='lat' dir='ltr'><strong>addit</strong></span> <span class='ocrx_word' id='word_1_277' title='bbox 759 3491 903 3557; x_wconf 83' lang='lat' dir='ltr'><strong>Eudocia</strong></span> <span class='ocrx_word' id='word_1_278' title='bbox 930 3511 948 3556; x_wconf 92' lang='lat' dir='ltr'><strong>e</strong></span> <span class='ocrx_word' id='word_1_279' title='bbox 976 3491 1077 3557; x_wconf 88' lang='lat' dir='ltr'><strong>Plrav.</strong></span> <span class='ocrx_word' id='word_1_280' title='bbox 1116 3495 1195 3556; x_wconf 86' lang='grc'>1895</span> <span class='ocrx_word' id='word_1_281' title='bbox 1228 3493 1331 3576; x_wconf 76' lang='lat' dir='ltr'><strong>(Euat.</strong></span> <span class='ocrx_word' id='word_1_282' title='bbox 1358 3495 1456 3561; x_wconf 90' lang='lat' dir='ltr'><strong>llom.</strong></span> 
     </span>
     <span class='ocr_line' id='line_1_31' title="bbox 319 3599 426 3679; baseline 0.019 -21"><span class='ocrx_word' id='word_1_283' title='bbox 319 3599 426 3679; x_wconf 75' lang='lat' dir='ltr'><strong>irco).</strong></span> 
     </span>
    </p>

    <p class='ocr_par' dir='ltr' id='par_1_9' title="bbox 311 3697 1460 4402">
     <span class='ocr_line' id='line_1_32' title="bbox 401 3697 1460 3784; baseline 0.004 -22"><span class='ocrx_word' id='word_1_284' title='bbox 401 3699 451 3765; x_wconf 88' lang='lat' dir='ltr'><strong>lta</strong></span> <span class='ocrx_word' id='word_1_285' title='bbox 480 3719 551 3764; x_wconf 90' lang='lat' dir='ltr'><strong>cum</strong></span> <span class='ocrx_word' id='word_1_286' title='bbox 582 3698 623 3765; x_wconf 90' lang='lat' dir='ltr'><strong>de</strong></span> <span class='ocrx_word' id='word_1_287' title='bbox 652 3698 808 3784; x_wconf 86' lang='lat' dir='ltr'><strong>exemplis</strong></span> <span class='ocrx_word' id='word_1_288' title='bbox 831 3697 1023 3764; x_wconf 87' lang='lat' dir='ltr'><strong>scholiorum</strong></span> <span class='ocrx_word' id='word_1_289' title='bbox 1046 3699 1253 3782; x_wconf 84' lang='lat' dir='ltr'><strong>integriorum</strong></span> <span class='ocrx_word' id='word_1_290' title='bbox 1275 3721 1297 3766; x_wconf 89' lang='lat' dir='ltr'><strong>a</strong></span> <span class='ocrx_word' id='word_1_291' title='bbox 1319 3701 1460 3769; x_wconf 82' lang='lat' dir='ltr'><strong>Flacbio</strong></span> 
     </span>
     <span class='ocr_line' id='line_1_33' title="bbox 315 3801 1458 3884; baseline 0.005 -17"><span class='ocrx_word' id='word_1_292' title='bbox 315 3801 458 3868; x_wconf 90' lang='lat' dir='ltr'><strong>collectis</strong></span> <span class='ocrx_word' id='word_1_293' title='bbox 481 3801 688 3867; x_wconf 87' lang='lat' dir='ltr'><strong>iudicandum</strong></span> <span class='ocrx_word' id='word_1_294' title='bbox 712 3801 763 3884; x_wconf 80' lang='lat' dir='ltr'><strong>sit,</strong></span> <span class='ocrx_word' id='word_1_295' title='bbox 790 3821 853 3866; x_wconf 95' lang='lat' dir='ltr'><strong>non</strong></span> <span class='ocrx_word' id='word_1_296' title='bbox 875 3807 926 3866; x_wconf 89' lang='lat' dir='ltr'><strong>est</strong></span> <span class='ocrx_word' id='word_1_297' title='bbox 947 3821 1003 3868; x_wconf 89' lang='lat' dir='ltr'><strong>cur</strong></span> <span class='ocrx_word' id='word_1_298' title='bbox 1024 3823 1095 3868; x_wconf 93' lang='lat' dir='ltr'><strong>cum</strong></span> <span class='ocrx_word' id='word_1_299' title='bbox 1119 3802 1240 3884; x_wconf 76' lang='lat' dir='ltr'><strong>eodem,</strong></span> <span class='ocrx_word' id='word_1_300' title='bbox 1268 3805 1322 3870; x_wconf 90' lang='lat' dir='ltr'><strong>ubi</strong></span> <span class='ocrx_word' id='word_1_301' title='bbox 1339 3806 1458 3872; x_wconf 87' lang='lat' dir='ltr'><strong>eedem</strong></span> 
     </span>
     <span class='ocr_line' id='line_1_34' title="bbox 315 3904 1455 3992; baseline 0.005 -22"><span class='ocrx_word' id='word_1_302' title='bbox 315 3907 411 3990; x_wconf 87' lang='lat' dir='ltr'><strong>plane</strong></span> <span class='ocrx_word' id='word_1_303' title='bbox 441 3904 540 3970; x_wconf 85' lang='lat' dir='ltr'><strong>verba</strong></span> <span class='ocrx_word' id='word_1_304' title='bbox 566 3904 653 3990; x_wconf 89' lang='lat' dir='ltr'><strong>apud</strong></span> <span class='ocrx_word' id='word_1_305' title='bbox 675 3905 824 3970; x_wconf 88' lang='lat' dir='ltr'><strong>Nonnum</strong></span> <span class='ocrx_word' id='word_1_306' title='bbox 854 3911 951 3988; x_wconf 85' lang='lat' dir='ltr'><strong>atque</strong></span> <span class='ocrx_word' id='word_1_307' title='bbox 979 3906 1067 3991; x_wconf 91' lang='lat' dir='ltr'><strong>apud</strong></span> <span class='ocrx_word' id='word_1_308' title='bbox 1089 3906 1265 3972; x_wconf 86' lang='lat' dir='ltr'><strong>Eudcciam</strong></span> <span class='ocrx_word' id='word_1_309' title='bbox 1289 3908 1455 3992; x_wconf 83' lang='lat' dir='ltr'><strong>leguntur.</strong></span> 
     </span>
     <span class='ocr_line' id='line_1_35' title="bbox 313 4007 1458 4098; baseline 0.006 -25"><span class='ocrx_word' id='word_1_310' title='bbox 313 4007 548 4094; x_wconf 87' lang='lat' dir='ltr'><strong>interpolatoris</strong></span> <span class='ocrx_word' id='word_1_311' title='bbox 571 4027 700 4072; x_wconf 89' lang='lat' dir='ltr'><strong>manum</strong></span> <span class='ocrx_word' id='word_1_312' title='bbox 723 4027 935 4092; x_wconf 78' lang='lat' dir='ltr'><strong>agnoscamus</strong></span> <span class='ocrx_word' id='word_1_313' title='bbox 955 4030 1060 4092; x_wconf 90' lang='lat' dir='ltr'><strong>neque</strong></span> <span class='ocrx_word' id='word_1_314' title='bbox 1075 4030 1107 4094; x_wconf 87' lang='lat' dir='ltr'><strong>p.</strong></span> <span class='ocrx_word' id='word_1_315' title='bbox 1127 4013 1189 4074; x_wconf 84' lang='grc'><strong>336</strong></span> <span class='ocrx_word' id='word_1_316' title='bbox 1204 4011 1246 4076; x_wconf 90' lang='lat' dir='ltr'><strong>de</strong></span> <span class='ocrx_word' id='word_1_317' title='bbox 1261 4011 1458 4098; x_wconf 88' lang='lat' dir='ltr'><strong>Proserpina</strong></span> 
     </span>
     <span class='ocr_line' id='line_1_36' title="bbox 312 4109 1459 4198; baseline 0.004 -23"><span class='ocrx_word' id='word_1_318' title='bbox 312 4113 465 4193; x_wconf 81' lang='lat' dir='ltr'><strong>glossam,</strong></span> <span class='ocrx_word' id='word_1_319' title='bbox 492 4130 552 4176; x_wconf 88' lang='lat' dir='ltr'><strong>nco</strong></span> <span class='ocrx_word' id='word_1_320' title='bbox 567 4109 607 4175; x_wconf 92' lang='lat' dir='ltr'><strong>dc</strong></span> <span class='ocrx_word' id='word_1_321' title='bbox 623 4111 820 4195; x_wconf 79' lang='lat' dir='ltr'><strong>Triptolemo</strong></span> <span class='ocrx_word' id='word_1_322' title='bbox 835 4132 867 4196; x_wconf 92' lang='lat' dir='ltr'><strong>p.</strong></span> <span class='ocrx_word' id='word_1_323' title='bbox 887 4115 947 4176; x_wconf 90' lang='grc'><strong>397</strong></span> <span class='ocrx_word' id='word_1_324' title='bbox 965 4112 1201 4198; x_wconf 79' lang='lat' dir='ltr'><strong>interpolatam,</strong></span> <span class='ocrx_word' id='word_1_325' title='bbox 1228 4113 1286 4178; x_wconf 91' lang='lat' dir='ltr'><strong>scd</strong></span> <span class='ocrx_word' id='word_1_326' title='bbox 1303 4135 1321 4179; x_wconf 92' lang='lat' dir='ltr'><strong>e</strong></span> <span class='ocrx_word' id='word_1_327' title='bbox 1338 4115 1459 4182; x_wconf 89' lang='lat' dir='ltr'><strong>Nonno</strong></span> 
     </span>
     <span class='ocr_line' id='line_1_37' title="bbox 312 4213 1458 4301; baseline 0.006 -23"><span class='ocrx_word' id='word_1_328' title='bbox 312 4215 354 4279; x_wconf 90' lang='lat' dir='ltr'><strong>ad</strong></span> <span class='ocrx_word' id='word_1_329' title='bbox 377 4217 410 4278; x_wconf 76' lang='lat' dir='ltr'><strong>S.</strong></span> <span class='ocrx_word' id='word_1_330' title='bbox 430 4213 590 4278; x_wconf 67' lang='lat' dir='ltr'><strong>luminat</strong></span> <span class='ocrx_word' id='word_1_331' title='bbox 619 4219 668 4296; x_wconf 82' lang='grc' dir='ltr'><strong>Ι-</strong></span> <span class='ocrx_word' id='word_1_332' title='bbox 686 4237 717 4299; x_wconf 92' lang='lat' dir='ltr'><strong>p.</strong></span> <span class='ocrx_word' id='word_1_333' title='bbox 737 4217 797 4278; x_wconf 86' lang='grc'><strong>337</strong></span> <span class='ocrx_word' id='word_1_334' title='bbox 823 4215 1006 4297; x_wconf 68' lang='grc' dir='ltr'><strong><em>τελεῖσθαι)</em></strong></span> <span class='ocrx_word' id='word_1_335' title='bbox 1035 4217 1181 4301; x_wconf 84' lang='lat' dir='ltr'><strong>priorem,</strong></span> <span class='ocrx_word' id='word_1_336' title='bbox 1209 4237 1226 4281; x_wconf 88' lang='lat' dir='ltr'><strong>e</strong></span> <span class='ocrx_word' id='word_1_337' title='bbox 1250 4217 1367 4284; x_wconf 91' lang='lat' dir='ltr'><strong>Nouuo</strong></span> <span class='ocrx_word' id='word_1_338' title='bbox 1385 4221 1399 4284; x_wconf 95' lang='grc' dir='ltr'>Ι</span> <span class='ocrx_word' id='word_1_339' title='bbox 1417 4225 1458 4285; x_wconf 91' lang='grc'><strong>67</strong></span> 
     </span>
     <span class='ocr_line' id='line_1_38' title="bbox 311 4316 897 4402; baseline 0.002 -21"><span class='ocrx_word' id='word_1_340' title='bbox 311 4319 445 4382; x_wconf 86' lang='lat' dir='ltr'><strong>alteram</strong></span> <span class='ocrx_word' id='word_1_341' title='bbox 468 4338 541 4382; x_wconf 89' lang='lat' dir='ltr'><strong>esse</strong></span> <span class='ocrx_word' id='word_1_342' title='bbox 564 4316 755 4402; x_wconf 85' lang='lat' dir='ltr'><strong>descriptam</strong></span> <span class='ocrx_word' id='word_1_343' title='bbox 778 4317 897 4383; x_wconf 90' lang='lat' dir='ltr'><strong>iudico.</strong></span> 
     </span>
    </p>
   </div>
   <div class='ocr_carea' id='block_1_3' title="bbox 0 0 1628 4928">
    <p class='ocr_par' dir='ltr' id='par_1_10' title="bbox 0 0 1628 4928">
     <span class='ocr_line' id='line_1_39' title="bbox 0 0 1628 4928; baseline 0 3"><span class='ocrx_word' id='word_1_344' title='bbox 0 0 1628 4928; x_wconf 95' lang='lat' dir='ltr'><strong> </strong></span> 
     </span>
    </p>
   </div>
  </div>
 </body>
</html>
