3248 4928
644 457 685 464 --
733 421 818 503 μοι]
865 455 908 464 —
1303 425 1343 484 τε.

207 623 302 686 quam
336 604 505 672 leotionem
540 608 694 674 Demetrii
724 608 965 692 Chaloondylae
998 610 1198 676 ooniooturao
1233 611 1343 679 deberi

206 709 383 776 verisimile
405 717 465 776 eet.
549 737 556 746 ·

294 815 330 878 P.
357 817 397 878 93
421 816 663 902 περίΒαροῦς.
697 817 796 884 Flaeh
813 837 1006 902 quamquam
1022 816 1127 900 Βαβιί
1141 819 1344 886 scribendum

207 937 280 984 esse
302 925 429 1002 censet,
463 927 573 987 tamen
600 922 676 1005 quin
705 922 748 987 ad
770 921 967 1007 Hesychium
990 928 1152 989 auctorem
1176 922 1345 989 reserenda

207 1021 249 1086 sit
277 1023 388 1106 glossa
416 1045 479 1090 non
509 1024 644 1092 dubitat.
691 1024 786 1104 Quod
815 1045 878 1092 non
907 1025 954 1092 ita
983 1027 1160 1094 rehabere
1184 1027 1344 1093 Bernhar-

206 1125 313 1210 dyano
335 1135 493 1213 apparatu
517 1129 624 1195 doceri
646 1130 760 1215 potnit.
808 1131 927 1197 Carent
956 1131 1041 1196 enim
1071 1151 1110 1198 ea
1138 1132 1248 1215 glossa
1270 1131 1344 1196 Sui-

206 1229 268 1296 dae
284 1230 357 1296 libri
373 1233 401 1299 V
416 1239 448 1298 et
464 1233 504 1311 0;
532 1233 560 1298 A
583 1234 626 1300 ad
648 1235 825 1318 marginem
848 1235 974 1300 illatam
997 1235 1096 1302 habet
1111 1256 1150 1302 ex
1166 1257 1198 1300 v.
1216 1233 1339 1322 Δημῶε

207 1333 309 1400 Βαυιί
329 1335 368 1418 A,
396 1335 500 1418 Βαβῶ
522 1338 559 1402 Β.
578 1338 616 1402 Β.
635 1338 735 1421 Meri,
761 1336 856 1430 βαρῶ
876 1339 951 1406 Ald.
977 1339 1054 1404 Bae.
1081 1347 1113 1408 et
1134 1339 1231 1420 nun„
1259 1360 1342 1422 qnae

207 1437 309 1504 forma
331 1441 532 1526 typographo
554 1442 683 1524 Aldine,
709 1443 772 1508 nisi
794 1443 900 1522 fallor,
926 1443 1115 1529 imputanda
1137 1451 1195 1510 est.

290 1543 327 1607 P.
357 1547 416 1611 163
447 1547 527 1632 περὶ
553 1539 749 1613 Ἑλλανίκου
778 1555 838 1613 τοῦ
867 1547 1113 1634 Μιτυληναίου.
1161 1554 1342 1634 ποιητικῶς

206 1646 279 1712 libri
302 1647 423 1733 optimi,
451 1647 575 1726 έπικῶς
598 1652 685 1734 vulg.
712 1657 745 1718 et
767 1651 851 1717 llud.

289 1751 326 1816 P.
355 1757 415 1818 166
438 1755 517 1838 περὶ
538 1747 731 1839 Ἐπιγένους
747 1763 808 1821 τοῦ
822 1763 983 1838 κωμικοῦ.
1018 1749 1140 1842 ηριοίνη
1164 1754 1284 1820 Suidae
1300 1754 1340 1820 li-

202 1854 262 1938 bri,
290 1850 420 1944 ηραίνη
444 1855 530 1924 neu.
555 1857 630 1924 Ald.
656 1859 746 1942 Bae,
775 1853 791 1946 'i
816 1859 914 1946 ραίνη
938 1858 1101 1924 Eudooiae
1125 1858 1237 1924 codex.

289 1962 325 2026 P.
348 1964 402 2024 l'll
429 1961 507 2046 περὶ
520 1955 777 2045 ’Βμπιόοτίμοα
804 1962 908 2043 έίλειξε
924 1969 1010 2030 route
1025 1962 1099 2028 libri
1114 1963 1204 2028 Suid.
1223 1963 1338 2044 Paria,

203 2061 296 2144 έόοξε
319 2065 356 2130 Β.
383 2065 458 2130 edd.
483 2072 560 2132 vett.
586 2074 618 2133 et
639 2067 721 2132 Eud.
735 2071 776 2151 ἠ.

289 2169 324 2234 Ρ.
352 2173 414 2235 229
443 2169 477 2234 in
500 2170 713 2256 Theophrasti
737 2172 828 2237 libris
852 2173 907 2236 καί
932 2170 1009 2248 τοὺς
1032 2172 1259 2253 καλουμένους
1281 2195 1342 2252 χα-

204 2278 371 2359 ρακτῆρας
400 2293 473 2340 oum
495 2275 659 2341 veteribus
682 2275 802 2342 Suidae
826 2275 1020 2343 editionibus
1043 2282 1210 2342 enumerat
1232 2274 1342 2340 Eudo

202 2375 267 2456 oia;
294 2377 333 2442 A.
353 2377 391 2442 B.
409 2377 448 2442 V.
468 2377 494 2442 Β
519 2379 677 2463 omittunt,
704 2379 878 2446 inseruisse
901 2380 1029 2446 videtur
1043 2379 1226 2446 Demetrius
1242 2377 1341 2447 Chal-

200 2480 366 2565 oondylae.

286 2585 322 2650 P.
349 2587 411 2650 244
435 2588 515 2673 περὶ
536 2581 748 2674 Ἱεροκλέους.
784 2587 832 2666 εἰς
855 2585 897 2652 τὰ
919 2594 1027 2674 χρυσᾶ
1051 2587 1115 2676 ἔπη
1133 2594 1199 2653 τῶν
1213 2591 1340 2653 Πυθα-

199 2693 341 2774 χορείιον
369 2691 425 2754 καί
455 2689 579 2777 ἑτέρων
606 2692 750 2774 βιβλίαν
776 2694 856 2779 περὶ
879 2697 1045 2778 προνοίας
1068 2699 1198 2774 συχνῶν
1220 2691 1340 2759 Suidao

200 2793 289 2874 libri;
317 2793 366 2871 είς
387 2791 429 2858 τὰ
451 2802 560 2882 χρυσᾶ
583 2794 648 2883 ἔπη
672 2803 738 2862 τῶν
759 2800 951 2882 Πυθαγορί
959 2821 1007 2862 ιον
1035 2796 1090 2878 (ita
1106 2795 1268 2862 Eudociae
1284 2817 1338 2862 co·
1466 2805 1476 2816 '

198 2897 271 2980 dex)
298 2898 457 2980 βιβλίων·
484 2900 539 2964 καί
563 2901 643 2986 περί
665 2905 832 2986 προνοίας
856 2898 893 2966 ίν
920 2899 1085 2986 ἑτέροις
1114 2901 1258 2982 βιβλίοις
1282 2923 1340 2966 συ-

198 3002 394 3083 porgere.
419 3009 496 3069 vett.
523 3010 555 3070 et
576 3004 658 3070 Eud.

285 3106 321 3171 P.
349 3109 409 3172 248
434 3109 514 3194 περὶ
533 3101 713 3195 Ἰοφῶντος
736 3116 796 3175 τοῦ
820 3115 990 3195 τραγικοῦ.
1032 3103 1133 3185 Ἴλιος
1157 3101 1197 3174 οὐ
1220 3112 1340 3192 πέρσις

201 3209 238 3274 Β.
265 3209 302 3274 V.
329 3209 367 3276 E.
399 3211 482 3296 (logo
504 3205 606 3278 Ἰλίου
628 3215 778 3298 ιιέρσις),
811 3209 928 3289 Ἴλιος
955 3218 1075 3298 πέρσις
1103 3211 1178 3278 edd.
1204 3217 1283 3276 vett.
1309 3218 1342 3275 et

200 3312 285 3378 Eud.
323 3317 327 3398 Ι
363 3311 438 3380 τινὰ
461 3313 546 3380 κατὰ
575 3317 606 3398 [l.
625 3313 719 3402 μετὰ)
748 3323 806 3382 τοτ’
832 3314 963 3402 πατρός
985 3316 1070 3398 libri,
1097 3312 1173 3380 τινὰ
1196 3321 1256 3380 τοῦ
1273 3337 1340 3378 πα-

200 3413 279 3501 τρίς
301 3418 389 3502 vulg.
416 3425 449 3484 et
470 3417 553 3484 End.

285 3521 321 3584 P.
349 3525 409 3586 268
434 3523 514 3606 περὶ
538 3528 687 3610 Κτησίου
709 3529 770 3589 τοῦ
793 3523 921 3608 ἰατροῦ.
955 3520 1015 3588 τὸν
1031 3519 1152 3604 ίίμεινο
1168 3521 1338 3608 κληθέντα

199 3623 235 3702 V,
263 3631 309 3707 τῷ
332 3618 485 3706 ἀμείνονι
508 3627 669 3714 κληθέντι
690 3628 735 3708 A,
762 3626 822 3692 τὸν
838 3621 1015 3710 Ἀμείνονα
1040 3627 1208 3714 κληθέντα
1232 3625 1268 3690 Β.
1296 3627 1331 3690 Ε.

197 3727 283 3792 bled.
308 3727 384 3794 Alo.
411 3735 443 3795 et
464 3729 619 3796 Eudooia.
668 3732 730 3798 Ubi
761 3752 831 3798 oum
859 3739 943 3798 reete
965 3731 1029 3796 iam
1053 3731 1154 3797 Basil.
1179 3726 1335 3817 μνήμονα

196 3829 394 3914 emendarit,
426 3851 536 3898 rursus
559 3853 622 3898 non
645 3853 702 3916 ea,
736 3834 794 3900 ned
817 3833 937 3900 Aldina
960 3853 1052 3898 usum
1075 3851 1146 3900 esee
1169 3833 1335 3900 falsarium

194 3939 341 4019 apparet.

266 4193 289 4258 *l
312 4191 343 4247 ln
362 4195 459 4249 eadem
477 4197 573 4265 glossa
598 4191 613 4246 ὁ
633 4193 726 4266 κομῶν
740 4192 919 4268 Ἡρακλείδης
944 4213 1006 4251 curn
1025 4195 1128 4252 Snidae
1150 4197 1229 4252 libris
1247 4199 1337 4254 codex

194 4281 337 4336 Endooiae
360 4277 569 4354 (λαμὼνὸἹΙρ.
590 4281 656 4338 Vill.
677 4281 823 4348 utbirch,
851 4282 928 4340 nulla
950 4282 1056 4339 oodieir
1081 4284 1234 4358 scripturae
1263 4301 1340 4344 mru-

192 4369 268 4424 tione
288 4367 383 4436 laeta).
