3238 4930
382 772 559 835 Praeterea
591 791 744 835 versuum
773 769 1032 833 doohnriaoorum
1064 771 1218 856 originem
1250 773 1417 836 iambicam

278 876 415 960 probare
439 874 515 938 mihi
539 873 666 937 videtur
690 873 801 936 erebra
825 873 966 937 omnium
988 895 1193 938 numerorum
1208 875 1417 941 iambicorum

279 1000 350 1043 oum
373 979 411 1042 iis
438 977 644 1056 consociatio,
674 986 811 1061 quaest
839 977 885 1041 ita
908 979 954 1059 fit,
984 985 1020 1041 ut
1049 979 1163 1044 iambis
1193 980 1267 1044 solis
1301 981 1418 1064 integri

279 1105 391 1149 versus
416 1083 597 1146 efficiantur
620 1102 640 1144 a
662 1079 825 1160 dochmiis,
856 1103 935 1167 qnos
968 1091 1025 1147 aut
1054 1083 1251 1169 praecedunt
1282 1095 1337 1147 aut
1369 1107 1419 1149 se-

279 1195 429 1272 quuntur,
457 1187 605 1272 separati,
629 1193 661 1250 et
690 1187 750 1266 ita,
782 1195 818 1248 ut
847 1187 944 1249 iambi
973 1187 1004 1249 in
1034 1187 1128 1250 unius
1160 1209 1272 1252 versus
1301 1209 1420 1274 corpus

280 1313 352 1354 cum
372 1291 434 1354 illis
458 1291 520 1352 sint
536 1289 710 1373 redigendi.
745 1288 857 1374 Neque
880 1291 1022 1354 infimum
1037 1290 1144 1354 locum
1159 1293 1190 1354 in
1206 1293 1255 1354 his
1276 1293 1419 1355 versibus

278 1394 421 1459 iambicis
446 1395 590 1458 obtinent
617 1393 774 1477 tripodiae
804 1401 838 1457 et
866 1391 1023 1476 ὁλόκληροι
1055 1403 1087 1459 et
1117 1403 1323 1479 syncopatae.
1368 1395 1419 1459 De

282 1499 396 1582 quibus
425 1498 526 1562 insius
563 1496 782 1561 disserendum
821 1519 891 1561 esse
920 1498 999 1560 mibi
1027 1499 1155 1562 videtur
1185 1507 1217 1562 et
1247 1499 1332 1584 quod
1364 1519 1415 1562 co·

279 1603 433 1684 gnatione
464 1603 612 1686 proxima
633 1623 715 1665 cunr
745 1600 900 1665 dochmiis
931 1610 1006 1666 sunt
1044 1603 1232 1667 coniunctae
1269 1609 1301 1666 et
1331 1602 1415 1688 quod

280 1727 350 1770 oum
378 1704 550 1789 ὁλοκλήρων
572 1713 641 1770 tum
664 1713 913 1790 syncopatur-um
934 1714 999 1770 tam
1021 1728 1170 1790 maguam
1203 1715 1328 1791 partem
1359 1709 1416 1770 viri

280 1808 364 1872 docti
388 1810 577 1873 coniecturis
600 1817 817 1888 removerunt,
849 1819 883 1873 nt
907 1809 1041 1877 Seidler,
1065 1809 1239 1881 Hermann,
1266 1810 1416 1890 Dindorf,

281 1911 402 1991 Christ,
434 1934 504 1977 oum
532 1935 683 1998 magnum
713 1933 919 1979 numerorum
948 1915 1154 1979 iambioorum
1184 1936 1242 1999 per
1273 1915 1417 1999 dipodiss

280 2017 516 2082 decurrentium
540 2039 611 2082 cum
634 2017 788 2082 dochmiis
811 2019 1053 2084 coniunctorum
1070 2019 1232 2082 cumulum
1249 2039 1417 2104 congesse-

278 2119 351 2198 rint,
367 2141 470 2204 panea
486 2128 609 2186 tantum
629 2123 838 2205 tripudiorum
855 2144 926 2186 eum
942 2124 979 2186 iis
995 2123 1249 2188 consociatarum
1268 2124 1417 2206 exempla

281 2222 470 2288 admittant¹
503 2233 600 2310 atque
630 2245 671 2290 ne
699 2226 779 2289 baec
802 2225 929 2311 quidem
959 2228 1045 2291 omni
1077 2226 1277 2290 dubitatione
1309 2247 1417 2292 carere

279 2333 404 2412 putent.

382 2428 550 2515 Tripodias
572 2431 769 2517 Sophocleas
792 2433 825 2496 in
852 2433 1014 2518 integrum
1046 2433 1185 2498 restitnit
1210 2431 1417 2498 euremarus

280 2533 480 2619 Quamquam
505 2535 633 2600 modum
657 2537 803 2616 excessit,
830 2559 902 2600 cum
925 2537 1077 2602 retineret
1108 2537 1188 2601 haec
1219 2539 1290 2602 oola
1319 2540 1417 2602 etiam

279 2639 360 2705 siin
386 2638 585 2724 antistropha
617 2641 776 2722 legeretur
807 2640 981 2706 dochmius.
1026 2639 1063 2705 E.
1095 2661 1125 2725 g.
1156 2649 1193 2706 ut
1220 2624 1418 2725 respondeat

280 2741 357 2806 facit
371 2742 448 2807 Ant.
472 2764 502 2806 v.
520 2745 603 2806 1340
626 2740 686 2826 (ὃς,
709 2739 733 2806 τά
757 2751 823 2820 noi,
847 2743 879 2808 σε’
895 2741 921 2806 τ’
945 2741 1019 2827 οὐχ)
1043 2741 1118 2806 istria
1140 2745 1330 2820 κατέκτανον,
1362 2746 1415 2809 ubi

280 2867 337 2930 pro
361 2845 540 2910 κατέκτανον
555 2845 697 2910 Diodori
717 2869 787 2910 curn
804 2846 990 2912 Hermanno
1015 2847 1123 2911 scribit
1138 2847 1292 2920 κάκτανον,
1309 2851 1417 2914 versui

281 2951 363 3013 1319
389 2946 466 3031 (ἐμά
488 2947 546 3032 γάρ
563 2949 602 3027 σ’,
621 2947 697 3032 ἐμά)
723 2953 836 3028 ἔκανον,
855 2945 879 3013 τά
902 2950 1017 3031 μέλεος.
1040 2952 1115 3015 item
1130 2951 1210 3016 Oed.
1225 2973 1248 3016 r.
1268 2955 1349 3016 1360
1367 2955 1420 3016 νῦν

279 3050 308 3116 δ’
323 3049 432 3127 ἄθλιος
454 3051 510 3132 μέν
533 3052 593 3133 εἰμ’
618 3055 765 3131 (άνοοίονν
787 3055 818 3117 δὲ
841 3061 936 3132 παῖς),
953 3055 1060 3120 versui
1079 3057 1161 3119 1340
1178 3053 1304 3136 ἀνάγετ’
1329 3053 1417 3118 ἐκτά-

278 3180 345 3218 mor
367 3152 429 3237 (ὅτι
453 3154 583 3239 τάχιστά
604 3158 667 3240 με),
698 3180 762 3242 quo
786 3160 857 3222 loeo
889 3159 1033 3244 plerique
1066 3158 1204 3224 editores
1236 3157 1417 3222 doolrmium

278 3259 485 3324 restituerunt
502 3281 572 3324 cnm
583 3261 736 3326 Elmsleio
753 3259 865 3337 ἄθλιος
880 3269 1041 3326 mutantes
1064 3263 1096 3325 in
1119 3258 1226 3338 ἄθεος.
1242 3263 1318 3326 item
1334 3265 1417 3330 1365

278 3363 318 3444 (εἰ
333 3361 369 3426 ds'
383 3389 410 3426 τι
424 3362 641 3448 πρεσβύτερον)
659 3364 717 3448 ἔφυ
733 3372 825 3429 κακοῦ
839 3365 931 3429 κακόν
952 3367 1057 3430 versui
1076 3363 1415 3447 134500κο1006-

278 3467 393 3548 τοτον,)
417 3466 460 3530 ἔτι
483 3467 514 3530 δὲ·
536 3471 584 3531 καὶ
608 3474 708 3548 θοοῖς,
731 3469 786 3533 ubi
811 3470 949 3534 editores
976 3491 1048 3534 cunr
1072 3468 1257 3533 Hermanno
1282 3469 1325 3533 ἔτι
1356 3491 1412 3557 pro

277 3565 337 3653 ἴου
360 3571 512 3635 scribunt.

384 3674 501 3760 Itaque
525 3675 619 3741 valde
645 3675 768 3759 dubito,
793 3699 870 3740 num
901 3679 1023 3744 servari
1046 3678 1147 3762 possit
1177 3677 1272 3740 lectio
1300 3676 1417 3740 tradita

278 3773 355 3842 Eur.
380 3777 434 3843 Or.
457 3781 520 3843 336
543 3777 679 3861 αορτάανν
701 3806 745 3857 τις
767 3783 798 3858 ἐς
818 3781 821 3860 i
843 3783 952 3862 άάμους
974 3779 1159 3860 ἀλαστόρων,
1179 3782 1228 3845 oui
1243 3781 1416 3867 respondet

275 3879 308 3943 in
341 3881 473 3966 stropha
504 3904 533 3949 v.
566 3887 625 3948 321
658 3887 874 3968 μελάγχρωτες
904 3883 1096 3965 Εὐὲμενίάες,
1128 3885 1195 3949 αἵτε
1224 3886 1289 3962 τόν,
1320 3907 1415 3970 quam

277 3981 447 4068 tripodiam
463 3987 546 4051 utin
563 3994 698 4068 metrum
716 3987 935 4055 dochmiaoum
949 3989 1132 4074 redigerent
1148 3989 1286 4054 editores
1303 3987 1417 4068 δόμους

382 4227 526 4295 ¹Seidler,
547 4230 667 4284 devera.
688 4229 926 4297 doobm.p.119;
952 4233 1101 4293 Hermann,
1122 4233 1198 4283 olom.
1226 4229 1313 4283 dootr.
1339 4239 1416 4283 metr.

276 4329 301 4380 p.
323 4309 389 4380 25&
409 4315 535 4379 Diodori,
553 4319 642 4385 praei.
661 4321 735 4384 poet.
754 4332 844 4368 scaen.
865 4318 963 4369 Graec.
976 4334 1002 4384 p.
1015 4317 1064 4384 48;
1084 4317 1183 4382 Christ,
1203 4316 1296 4371 Mser
1316 4334 1341 4383 p·
1356 4315 1416 4371 443.

379 4401 450 4452 eus
471 4403 574 4454 doebm.
595 4419 642 4455 uso
663 4401 791 4468 Sophocl.
812 4402 1175 4471 p.35;qucest.s0pn001.
1196 4419 1231 4471 p.
1249 4401 1355 4456 itt-32.
