3226 4932
583 447 626 456 -
673 411 758 494 [nec]
805 449 847 458 -
1242 414 1280 476 cr

146 599 324 664 amtalecta
346 599 379 664 in
402 605 543 665 exhemo
565 619 660 666 versu
682 601 766 666 notis
788 601 977 684 rhythmicis
992 601 1038 666 ita
1053 601 1280 685 expressimus,

148 708 182 767 ut
203 701 401 786 paenultima
423 701 514 768 fieret
535 704 632 788 longa
653 703 802 784 trisema,
836 703 950 770 ultima
971 723 1064 786 vero,
1098 723 1180 787 quae
1202 703 1285 768 arsis

149 824 221 870 esse
252 804 395 888 videtur,
428 805 541 871 thesis.
590 806 689 872 Cuius
716 827 884 873 mensurae
907 825 1037 872 eausam
1059 806 1076 890 §
1102 808 1119 868 7
1144 825 1284 891 expone-

149 927 229 988 mus,
256 907 307 973 hic
329 915 436 974 autem
458 909 492 973 in
514 909 700 976 universum
715 909 874 992 quaedam
890 909 931 976 de
947 909 1052 975 exitus
1067 908 1212 975 feminini
1227 927 1287 972 na-

148 1019 220 1076 tura
234 1009 415 1094 rhythmica
429 1012 523 1078 nobis
537 1012 679 1098 prolerre
694 1013 801 1079 liceat.
848 1011 1018 1094 Christius,
1044 1011 1098 1096 qui
1123 1011 1249 1095 (Metrik
1258 1014 1281 1094 ²,

148 1114 184 1198 ἓξ
211 1119 389 1196 tan-145)
417 1115 458 1180 de
481 1135 629 1180 versuum
653 1116 806 1181 clausulis
829 1116 948 1200 optime
971 1115 1054 1200 egit,
1090 1115 1108 1199 ξ
1134 1119 1192 1177 141
1218 1133 1286 1179 mo-

149 1225 221 1298 net,
254 1219 287 1284 in
316 1226 426 1282 nostra
455 1225 524 1284 arte
553 1218 675 1284 musica
698 1219 874 1284 clausulam
896 1219 1073 1304 perlectam
1100 1220 1206 1302 (quam
1228 1237 1286 1282 nos

149 1323 256 1388 italico
285 1321 413 1386 nomine
443 1321 624 1388 »cadenzac
654 1322 866 1406 appellamus)
908 1321 977 1388 fieri
1005 1341 1068 1387 non
1098 1340 1193 1406 posse
1224 1320 1286 1386 uisi

150 1425 196 1515 in·
213 1424 335 1504 thesin,
368 1425 390 1488 i.
417 1445 446 1489 e.
477 1425 610 1504 bonam,
644 1444 740 1506 quam
769 1424 921 1504 dicimus,
954 1444 1124 1490 mensurae
1158 1425 1281 1506 (motus)

151 1535 291 1611 partem,
326 1535 357 1592 ct
380 1535 470 1611 putat
491 1527 574 1592 hano
597 1528 720 1612 legem,
754 1547 824 1594 cum
853 1527 887 1592 in
918 1546 1015 1593 sensu
1037 1526 1215 1610 rhythmico
1243 1527 1285 1607 (in

151 1629 223 1695 dem
247 1630 489 1714 rhythmischen
513 1631 643 1714 Gelhhl}
671 1639 809 1709 constet,
844 1631 940 1696 etiam
969 1629 1055 1716 apud
1081 1630 1232 1712 antiquos
1252 1629 1286 1694 iu

151 1733 335 1799 uniuersum
362 1734 514 1800 valuisse.
562 1734 652 1800 Idem
682 1735 779 1820 paulo
807 1734 906 1800 inira:
941 1733 1065 1798 »Wenn
1087 1735 1202 1816 aber«,
1236 1733 1286 1798 in-

151 1837 229 1918 quit,
257 1836 337 1901 »auf
356 1835 413 1901 der
435 1837 556 1902 andem
572 1837 659 1903 Seite
681 1837 801 1920 genade
817 1837 870 1902 die
886 1837 1174 1902 vollkommensten
1190 1836 1287 1901 Vers-

152 1937 217 2003 und
247 1939 551 2006 Periodenschltisse
580 1941 623 2006 im
650 1939 880 2007 Griechischen
908 1939 974 2006 und
996 1938 1221 2006 Lateinischcn
1251 1958 1287 2004 so

153 2042 443 2108 ausserordentlieh
473 2063 552 2128 genn
574 2043 634 2108 auf
653 2081 674 2090 —
692 2062 741 2092 w
757 2081 779 2089 -
797 2081 819 2090 -
843 2043 921 2109 oder
943 2081 964 2088 -
981 2060 1006 2090 v
1022 2080 1044 2088 -
1062 2079 1083 2088 -
1107 2042 1284 2126 auugchen,

153 2145 213 2210 wie
241 2146 284 2210 im
315 2145 537 2230 dactylisohen
560 2147 770 2230 Hexameter,
806 2147 877 2213 dem
904 2146 1151 2230 anaptstischen
1173 2146 1288 2210 Tetra-

153 2255 268 2330 meter,
295 2248 368 2314 dem
393 2250 564 2335 Priapeus‚
591 2249 751 2316 Sotadeus
773 2257 855 2330 etc,
882 2271 916 2316 so
939 2249 1075 2315 erleidet
1096 2248 1151 2314 die
1172 2249 1288 2330 ausge-

153 2351 258 2417 stellte
281 2351 383 2435 Regel
412 2372 472 2417 nur
501 2353 573 2419 cine
603 2353 780 2418 theilwcise
810 2353 876 2418 und
906 2352 952 2418 oft
980 2373 1039 2418 nur
1065 2353 1136 2417 eine
1159 2351 1288 2418 nahein-

151 2455 229 2520 bare
244 2454 447 2520 Ausnahme:
475 2476 535 2521 nur
557 2456 629 2522 eine
653 2456 841 2522 scheinbare
860 2456 1010 2536 natmlioh,
1037 2476 1130 2522 wenn
1147 2454 1199 2520 die
1216 2475 1287 2520 uor-

152 2558 248 2624 letzte
271 2557 371 2641 Sylhe
401 2558 500 2624 durch
522 2559 685 2642 Dehnung
715 2580 754 2624 zu
783 2560 872 2626 einer
893 2555 1006 2644 μακρὰ
1028 2563 1188 2644 τρίσημος
1210 2557 1288 2624 oder

152 2657 358 2746 τετράσημος
381 2661 566 2740 anwttchst;
593 2660 678 2726 denn
701 2661 786 2727 danu
809 2662 972 2728 bekommt
993 2661 1046 2728 die
1068 2663 1164 2728 letata
1186 2662 1286 2746 Sylbe

153 2765 274 2836 wieder
303 2765 397 2830 einen
419 2765 522 2846 Ictus,
556 2785 650 2829 wenn
677 2765 759 2830 auch
783 2785 843 2830 nur
865 2766 958 2831 einen
980 2765 1190 2846 Nebeniotus‚
1225 2763 1287 2830 wie

152 2887 246 2933 weun
276 2868 335 2933 wir
353 2853 426 2932 ¹den
455 2867 703 2952 anapastisohen
733 2869 931 2934 'tetrameter
961 2867 1130 2952 folgendcr
1158 2869 1288 2935 Messon

153 2970 323 3036 scandiren
336 2995 340 3031 :

339 3074 731 3154 montaragon,
757 3074 1094 3122 cotos-'wrm

239 3171 326 3260 πρὸς
348 3183 409 3242 τοῦ
431 3173 515 3252 Διὸς
538 3171 703 3258 ἀντιβολῶ
725 3197 772 3256 σε,
800 3175 944 3264 φράσον,
970 3183 1058 3254 τίνες
1080 3173 1156 3257 el'o',
1184 3163 1210 3240 ὦ

514 3277 696 3366 Σώκρατες,
724 3270 861 3358 uittam

238 3383 342 3464 Atque
365 3382 500 3466 primum
524 3383 652 3466 quidem
675 3381 843 3449 videamus
866 3385 907 3450 de
930 3391 1038 3450 nostra
1060 3391 1128 3450 arte
1151 3384 1286 3465 musica,

153 3506 217 3568 qua
239 3485 331 3550 multi
354 3485 415 3550 viri
439 3485 539 3569 docti,
573 3487 626 3569 qui
651 3486 691 3552 de
714 3507 748 3552 re
771 3488 903 3553 metrica
924 3489 1056 3572 antiqua
1078 3488 1284 3573 scripserunt,

153 3589 202 3653 usi
233 3593 307 3652 sunt
336 3589 390 3654 vel
419 3589 515 3655 etiam
546 3589 648 3654 abusi.
695 3589 734 3654 In
756 3610 850 3672 quem
874 3611 1010 3656 errorem
1033 3611 1074 3656 ne
1096 3589 1284 3672 incidamus,

153 3690 288 3776 primum
311 3690 346 3754 id
367 3692 541 3758 tenendum
565 3699 623 3774 est,
649 3700 790 3758 nostram
812 3701 913 3760 artem
936 3695 1100 3774 musicam,
1128 3695 1219 3760 cuius
1241 3695 1290 3760 lc-

153 3813 211 3878 ges
239 3793 347 3875 nobis,
385 3794 460 3878 quia
488 3795 564 3861 inde
593 3815 613 3860 a
641 3801 753 3861 tenera
781 3803 887 3862 aetate
916 3797 1052 3864 eandem
1081 3797 1284 3883 percipimus,

152 3897 244 3981 quasi
266 3916 286 3962 a
308 3904 423 3962 natura
444 3898 516 3983 ipsa
539 3898 634 3964 datae
656 3897 805 3964 uidentur
827 3919 915 3982 esse,
942 3900 1059 3965 multas
1082 3919 1202 3984 casque
1224 3899 1290 3966 sor-

152 4001 294 4066 tissimas
316 4001 541 4067 conversiones
563 4007 596 4067 et
617 4002 809 4068 mutationes
832 4021 962 4088 passum
984 4021 1056 4068 esse
1078 4002 1153 4069 inde
1171 4005 1212 4070 ab
1226 4003 1288 4070 iui-

153 4104 197 4169 tio
220 4103 317 4169 medii
339 4103 430 4184 aevi,
463 4123 546 4188 quae
569 4122 631 4169 non
654 4103 758 4170 minus
781 4105 824 4170 ad
846 4105 1047 4190 rhythmum,
1080 4105 1121 4172 de
1151 4126 1213 4189 quo
1237 4106 1289 4172 hic

152 4207 268 4291 agitur,
295 4227 390 4289 quam
414 4205 455 4272 ad
478 4205 649 4272 melodiam
672 4214 704 4272 et
726 4207 922 4274 harmoniam
938 4209 1168 4294 pertinuerunt.
1208 4209 1288 4276 Ubi-

153 4330 276 4392 cunque
291 4309 398 4393 igitur,
425 4317 460 4376 ut
482 4309 522 4376 de
544 4309 675 4394 antiqua
697 4329 731 4375 re
754 4311 876 4376 musica
897 4312 1020 4394 aliquid
1039 4311 1220 4398 probemus,
1246 4313 1289 4378 ad
