3266 4926
284 371 326 434 ee
719 404 759 410 -
808 364 893 446 [uss]
941 400 981 408 -

372 557 407 622 P.
434 558 497 620 269
520 555 599 640 περὶ
623 550 795 640 Κεφάλου.
836 555 1030 638 προσέθηκε
1053 549 1127 616 libri
1149 549 1176 616 Α
1192 549 1218 616 Β
1233 550 1262 614 V
1276 549 1315 632 E,
1341 570 1421 614 συν-

285 665 417 726 τέθεικα
446 665 524 726 vett.
550 657 626 725 edd.
652 663 685 724 et
706 656 787 724 End.
827 657 840 742 Η
877 659 993 740 γέγονε
1017 653 1053 720 δὲ
1082 651 1154 718 ἐπὶ
1175 660 1235 740 τῆς
1258 646 1421 738 ἀναρχίας

286 763 361 830 libri
388 763 520 850 optimi,
553 765 669 848 γέγονε
692 760 728 827 δὲ
752 758 834 847 πρὸ
857 766 916 848 τῆς
939 752 1103 845 άυαρχίας
1126 755 1169 824 οε’
1194 758 1283 841 vulg.
1330 756 1421 836 Quae

285 867 489 934 emendanda
510 885 582 934 esse
604 871 675 933 rata
696 865 840 934 Eudooia
861 863 1082 931 intelieissime
1113 855 1326 946 ὀλυμπιάδας
1347 865 1422 946 post

287 969 331 1038 αι’
355 970 498 1054 addidit,
534 971 627 1055 quasi
660 991 687 1039 o.
712 991 744 1038 a.
772 975 833 1036 700
855 991 887 1036 a.
914 968 973 1036 ch.
1006 965 1150 1034 rhetores
1182 973 1216 1033 et
1246 965 1420 1050 demagogi

286 1075 478 1144 extitissent.

371 1181 407 1246 P.
426 1183 489 1246 270
504 1179 585 1264 περί
600 1179 764 1244 Κικιλίου.
793 1178 850 1244 καὶ
865 1175 1065 1264 περιήγησιν
1076 1169 1234 1252 Ἑλλάδος
1249 1175 1305 1240 καὶ
1321 1168 1417 1240 deta.

284 1285 357 1350 Una
371 1282 515 1350 Eudooia
536 1301 607 1349 oum
629 1283 713 1350 hune
734 1282 930 1368 periegetam
948 1281 1082 1362 noverit,
1108 1279 1186 1363 quin
1208 1277 1342 1348 dedicius
1362 1277 1415 1362 sit,

285 1408 349 1454 non
372 1386 492 1454 dubito.
956 1379 960 1395 “

371 1493 408 1558 Ρ.
434 1493 497 1556 282
519 1489 676 1575 magieum
697 1489 842 1558 Eudooia
862 1489 942 1556 feeit
964 1489 1151 1573 Lysippum,
1178 1507 1273 1572 quem
1296 1492 1420 1554 constat

287 1595 387 1664 fnisse
409 1594 575 1662 eomioum.
623 1594 673 1662 df.
698 1594 783 1678 Aug.
809 1593 958 1661 Meiueke
979 1592 1055 1658 hist.
1081 1591 1150 1658 orit.
1175 1612 1208 1676 p.
1227 1593 1301 1656 215.

370 1701 406 1765 P.
433 1701 495 1764 299
519 1698 599 1783 περί
621 1697 785 1780 Μαξίμου
807 1703 867 1763 τοῦ
892 1701 1028 1782 Τυρίου.
1065 1692 1213 1771 πολλοὺς
1236 1695 1420 1781 φιλοσοφι-

285 1801 364 1880 κοὺς
387 1800 524 1886 λόγους,
552 1791 598 1867 ὧν
619 1807 769 1886 πρῶτος·
802 1805 854 1878 τίς
877 1794 894 1866 ό
917 1797 1001 1878 θεὸς
1023 1797 1109 1864 κατὰ
1131 1795 1313 1864 Πλάτωνα.
1359 1797 1418 1862 Vi-

285 1907 378 1974 detur
399 1906 497 1990 igitur
519 1903 693 1971 Maximum
715 1904 845 1971 novisse
867 1904 1028 1970 falsarius.
1076 1901 1139 1980 Qui
1161 1903 1275 1970 Latine
1303 1901 1420 1988 prodiit

284 2031 315 2078 a.
338 2013 420 2074 1519
435 2010 595 2078 Basileus.
632 2007 731 2076 Cuius
754 2007 904 2076 editionis
926 2008 960 2074 in
981 2007 1181 2094 praefatione
1197 2007 1316 2074 Beatus
1331 2006 1419 2072 Rhe-

286 2132 391 2181 nanus
413 2112 456 2178 ad
471 2113 597 2181 Graeca
619 2110 779 2196 quaedam
801 2111 952 2198 exempla
966 2110 1114 2178 Latinam
1129 2111 1221 2196 Tyrii
1240 2111 1419 2178 versionem

285 2237 322 2284 se
351 2217 574 2300 reoognovisse
601 2223 748 2284 testatur.
795 2215 902 2282 Isdem
932 2221 1038 2300 potest
1057 2235 1135 2282 usus
1158 2233 1231 2283 esse
1253 2215 1417 2298 falsarius,

284 2320 460 2406 prinoipem
483 2319 654 2388 editionem
677 2320 834 2386 Graeoam
857 2340 888 2384 a.
917 2322 1000 2384 1557
1022 2319 1150 2385 novisse
1172 2319 1227 2384 vix
1249 2318 1401 2404 φυλαῖν).

370 2425 406 2490 P.
433 2428 495 2490 399
519 2424 599 2510 περὶ
614 2429 758 2510 Μυροῦς
780 2429 838 2511 τῆς
861 2419 1067 2509 φιλοσόφου.
1099 2419 1225 2505 νόμους
1239 2428 1348 2505 μυιῶν
1362 2423 1419 2486 καὶ

284 2526 446 2614 διαταγὰς
469 2521 597 2594 αὐτῶν·
631 2525 796 2604 ἐπαοιδός
818 2551 853 2592 τε
876 2527 935 2594 καί
957 2525 1088 2613 ἰατρίας
1111 2523 1323 2602 ἑντοινοόσας
1345 2538 1420 2602 ταῖς

285 2635 410 2715 λεχοῑς·
442 2632 499 2698 καί
521 2637 689 2720 μητρικῶν
711 2627 872 2718 στρόφιον
893 2633 1096 2716 θεραπείας.
1142 2631 1232 2698 Haeo
1253 2651 1275 2696 a
1295 2628 1421 2696 Rhodia

284 2736 549 2804 mulieroaliena
569 2755 643 2804 esse
664 2735 735 2802 inre
757 2734 938 2819 suspicatur
958 2733 1060 2801 Flaoh
1083 2754 1116 2818 p.
1142 2737 1199 2813 403
1232 2753 1335 2818 neque
1358 2732 1419 2798 du-

286 2841 373 2906 bium
396 2846 446 2906 eet
468 2839 545 2922 quin
567 2839 608 2906 de
630 2838 755 2905 medico
777 2837 885 2923 aliquo
908 2839 1065 2904 translata
1087 2837 1160 2904 sint.

371 2945 422 3011 De
443 2944 594 3028 Magnete
621 2944 664 3028 (p.
684 2943 756 3026 399)
783 2962 881 3028 supra
909 2944 949 3027 (p.
969 2943 1019 3024 79)
1047 2941 1125 3006 dixi.

369 3049 406 3114 P.
430 3051 493 3114 302
514 3047 660 3133 Menippi
676 3046 789 3114 oomiei
804 3046 947 3114 fabulam
962 3039 1059 3131 όφεις
1069 3045 1111 3130 *Ἴ
1131 3044 1273 3111 Eudooia
1287 3045 1419 3110 finxisse

285 3153 422 3236 videtur,
448 3151 637 3238 praesertim
660 3171 733 3218 oum
755 3149 838 3234 Aug.
858 3149 1008 3218 Meineke
1031 3148 1105 3214 hist.
1132 3149 1200 3214 erit.
1227 3171 1258 3234 p.
1277 3151 1339 3213 494
1363 3169 1420 3230 vo-

282 3263 406 3338 rentur,
438 3275 499 3322 »ne
528 3254 663 3324 dotieius
692 3254 745 3322 hie
773 3261 870 3340 poeta
899 3253 940 3319 sit
960 3273 1000 3320 ex
1022 3252 1188 3338 Hermippi
1211 3251 1338 3318 nomine
1360 3252 1420 3318 de-

284 3367 394 3442 tortus,
422 3359 514 3428 ouius
535 3358 705 3426 notissima
727 3358 840 3424 tabula
863 3362 1078 3444 Κέρκωαεςι.

368 3464 404 3530 Ρ.
431 3467 492 3530 399
517 3463 597 3548 περὶ
623 3458 815 3538 Νεάνθους.
841 3459 969 3547 ἔγραψε
993 3461 1072 3546 περὶ
1096 3458 1297 3547 κακοζηλίας
1319 3459 1418 3546 ῥητο-

283 3575 377 3656 ρικῆς
399 3568 455 3634 καί
479 3565 599 3652 λόγους
622 3562 770 3642 πολλοὺς
792 3562 1053 3652 πανηγυρικούς.
1102 3565 1190 3649 Περί
1219 3561 1420 3649 κακοζηλίας

284 3671 461 3758 ῥητορικῆς
483 3671 658 3740 seeundum
681 3669 814 3738 Suidam
842 3669 894 3754 (ef.
914 3669 996 3736 Eud.
1015 3689 1047 3754 p.
1067 3671 1137 3754 268]
1167 3667 1294 3754 scripsit
1316 3667 1419 3734 calli-

145 3809 152 3826 .
282 3777 390 3858 nicus,
425 3778 466 3844 de
493 3795 556 3858 quo
578 3775 612 3840 iu
634 3775 719 3840 huno
740 3773 903 3840 transtulit
923 3773 1050 3840 titulum
1074 3772 1241 3850 falsarium
1275 3771 1316 3840 de
1337 3791 1419 3856 pan-

353 3965 378 4030 *t
398 3965 527 4022 Ceterum
546 3967 575 4020 in
592 3965 723 4033 oetalogo
741 3963 875 4020 librorum
887 3963 1056 4019 Graecorum
1068 3962 1221 4020 Veronensi
1234 3961 1346 4032 saepius
1358 3961 1419 4016 tau-

283 4051 351 4106 dato
368 4051 509 4108 invenitur
526 4052 611 4108 etiam
628 4052 781 4120 »Μαξίμου
798 4051 900 4123 Τυρίου
918 4046 1003 4118 λόγος
1015 4049 1087 4122 Περὶ
1104 4052 1154 4103 τοῦ
1173 4049 1215 4108 τίς
1233 4045 1248 4099 ὁ
1267 4045 1333 4108 θεὸς
1349 4044 1419 4102 κατὰ

285 4133 445 4189 Πλάτωναι

350 4222 390 4288 ”t
411 4179 495 4278 Flaoh
509 4239 537 4291 p.
552 4225 601 4276 499
614 4223 643 4278 in
656 4223 838 4280 adnotatione
850 4222 948 4276 oritiea
966 4218 1074 4292 »Ὀφεις
1085 4239 1139 4278 om.
1153 4221 1186 4274 P.-
1200 4221 1244 4280 Ve
1261 4235 1353 4280 errore
1371 4234 1419 4279 ex-

282 4307 368 4370 hibet.
407 4308 504 4384 Neque
522 4309 595 4368 euim
612 4309 670 4376 PV,
689 4310 740 4370 sed
759 4309 778 4374 S
796 4307 919 4370 seribere
937 4308 1041 4370 debuit.
