3274 4934
647 404 690 414 -
738 367 823 451 [225]
870 402 913 415 -
1308 368 1349 430 ιε

296 555 346 622 Ab
361 555 499 622 Homero
522 555 651 640 quidem
675 556 777 622 forma
801 551 865 624 dra
889 577 960 624 oum
983 555 1203 622 interiectione
1226 543 1252 618 d
1275 574 1350 620 oon-
1413 589 1418 598 ·

209 659 301 743 iungi
330 659 429 741 solet,
463 658 551 743 apud
580 659 718 743 tragicos
748 667 856 726 autem
886 667 919 726 et
944 659 1082 726 eomioos
1104 657 1226 724 Atticos
1249 657 1351 722 forma

210 761 376 828 sollemnis
399 767 448 828 est
471 749 570 839 ὦναξ.
1131 762 1136 775 ’

741 1003 814 1088 os.

297 1139 403 1224 Saepe
426 1139 530 1204 exitus
552 1139 759 1224 imperfectus
782 1147 869 1207 ortus
892 1149 942 1206 est
964 1161 1004 1206 ex
1027 1139 1113 1206 falsa
1134 1159 1284 1205 versuum
1301 1139 1351 1204 di-

211 1242 335 1308 visione
358 1261 429 1307 oum
453 1241 532 1307 alibi
554 1249 621 1308 tum
643 1243 677 1307 in
700 1243 748 1309 eis
771 1243 976 1324 carminibus,
1003 1263 1086 1327 quae
1107 1243 1258 1326 quoniam
1279 1243 1352 1307 bre-

212 1345 301 1409 viora
323 1351 408 1428 sunt,
434 1343 594 1427 quomodo
617 1345 785 1412 inversus
809 1344 991 1411 dirimenda
1013 1353 1132 1424 essent,
1159 1353 1244 1412 certo
1266 1344 1352 1410 iudi-

211 1447 276 1512 cari
299 1467 362 1512 uou
385 1453 528 1532 poterat:

298 1587 326 1668 7)
354 1581 501 1650 01v1.
548 1585 796 1632 w-v-v!

350 1680 489 1773 Ἐλατὴρ
512 1679 681 1772 ὑπέρτατε

296 1807 458 1891 Bergkius
481 1826 553 1872 oum
575 1826 704 1874 versum
727 1806 863 1891 primum
880 1824 952 1871 esse
967 1805 1067 1872 vellet
1080 1805 1176 1886 hune,
1203 1805 1353 1871 discessit

210 1929 230 1974 a
253 1909 368 1975 ceteris
392 1909 584 1990 editoribus,
618 1910 674 1991 qui
699 1915 784 1975 reete
806 1909 1039 1974 constituerunt
1061 1926 1189 1974 versum
1213 1908 1350 1993 primum

211 2021 244 2078 et
264 2013 457 2098 parallelum
480 2033 607 2078 versum
635 2017 673 2076 10
696 2012 756 2078 hoo
778 2011 888 2077 modo:

383 2132 1144 2186 wLo-wr,.‘w-w1„Lu-on-

336 2245 474 2338 Ἔλατὴρ
498 2246 665 2338 ὑπέρτατε
687 2257 833 2339 βροντᾶς
856 2246 1140 2334 ἀκαμαντόποδος
1164 2255 1249 2316 Ζεῦ·
1280 2250 1353 2314 τεαὶ

624 2353 687 2443 γὰρ
711 2345 795 2442 ὧραι

338 2456 567 2543 χρονιώτατον
608 2457 699 2545 φάος
732 2453 969 2544 εὐρυσθενέων
1003 2451 1135 2542 ἀρετᾶν.
1199 2453 1352 2538 Ψαύμιος

624 2559 688 2646 γὰρ
710 2561 776 2627 ‘iaec

298 2695 524 2780 QONM.

563 2795 651 2887 ὅπερ
675 2802 864 2884 Κλυμένοιο
889 2799 996 2864 παῖδα

295 2922 345 2987 lta
367 2941 461 2988 versu
485 2921 588 3006 primo
611 2921 708 3007 epodi
723 2921 873 2988 carminis
888 2941 987 2986 unum
1004 2929 1146 3006 systema
1161 2921 1352 2987 continentis

211 3025 382 3090 constituto
412 3043 523 3090 omnes
551 3023 692 3090 editores
715 3025 835 3090 exitum
857 3023 1079 3109 imperfectum
1102 3023 1262 3108 efficiunt,
1296 3025 1351 3108 qui

211 3127 376 3192 eominus
399 3127 666 3218 probabilisest,
699 3127 784 3210 quod
806 3127 902 3192 simul
925 3127 1098 3193 femininus
1121 3135 1186 3208 est,
1221 3147 1295 3192 nam
1317 3128 1351 3192 in

214 3231 272 3292 108
296 3227 437 3294 exitibus
459 3230 674 3315 imperfectis,
701 3250 780 3314 quos
804 3231 1081 3312 enumeravimus,
1108 3233 1149 3294 24
1173 3231 1279 3297 exitus
1301 3230 1351 3296 fe-

210 3331 322 3396 minini
338 3339 422 3414 sunt,
449 3353 582 3416 quorum
606 3333 708 3398 maior
730 3351 807 3417 pars
829 3333 960 3398 ineerta.
1004 3333 1140 3400 Versum
1163 3341 1271 3401 autem
1293 3354 1351 3419 op-

211 3435 322 3500 timum
346 3434 534 3518 efficiemus,
562 3435 590 3500 si
612 3436 856 3518 conexuerimus
878 3455 991 3502 versus
1016 3440 1029 3498 1
1050 3443 1082 3502 et
1097 3439 1133 3500 2:

338 3555 888 3608 υέυυ-υ-υ.1υυ..υι,-

340 3669 428 3762 ἅπερ
453 3677 642 3759 Κλυμένοιο
665 3677 774 3742 παῖδα
797 3673 1013 3758 Λαμνιάδων
1035 3683 1201 3760 γυναικῶν

297 3817 327 3896 ο)
355 3811 381 3880 ο
404 3813 449 3880 1v
473 3817 526 3878 re.
1178 3789 1182 3796 ’

595 3906 693 3993 οὗτος
717 3915 781 4001 ἐγὼ
803 3921 965 3998 ταχυτᾶτι

296 4039 428 4104 Prorsus
451 4037 565 4104 eodem
588 4035 683 4104 modo
705 4055 817 4103 versus
840 4037 965 4123 longior
987 4038 1225 4106 concinnandas
1248 4039 1314 4104 hie:

338 4158 899 4210 Lw-w..ur„.'w-w-

340 4269 441 4354 οὗτος
465 4275 528 4362 ἐγὼ
550 4285 712 4359 ταχυτᾶτι
733 4290 842 4364 χεῖρες
865 4278 902 4344 δὲ
924 4279 982 4344 καὶ
1004 4268 1083 4366 ἦτορ
1107 4279 1183 4346 ἰὀον
