3248 4928
300 437 340 500 ss
737 472 779 482 -
826 436 912 519 [344]
960 472 1001 482 -

301 645 403 691 σαντο
441 633 476 691 ut
510 625 543 690 in
572 625 629 691 illo
658 626 957 692 Catasterismorum
988 625 1097 692 codice
1128 645 1198 710 cap.
1225 627 1264 688 25
1292 624 1442 691 extitisse

299 728 496 810 existimem,
533 729 610 794 mihi
641 750 705 795 non
734 729 906 814 persuadet
935 729 1047 795 Flacb.
1095 728 1261 795 Facillime
1291 729 1376 794 enim
1406 728 1444 793 id

301 832 370 917 ipse
394 832 546 899 falsarius
568 832 688 899 addere
712 833 815 919 potuit
836 853 854 900 e
877 833 991 900 Nonne
1014 835 1029 899 I
1053 836 1089 898 91
1117 839 1173 899 aut
1194 831 1227 897 II
1250 836 1281 897 3.

385 1040 456 1124 §3.
503 1041 553 1105 Ex
581 1041 813 1107 EUSTATHII
846 1043 879 1107 in
908 1041 1124 1110 Homerum
1155 1048 1186 1107 et
1216 1041 1249 1106 in
1278 1039 1443 1125 Diony-

300 1143 404 1209 sium
433 1144 685 1228 Perlegeten
714 1145 950 1212 commentariis
979 1165 1051 1212 cum
1077 1145 1192 1229 ingens
1215 1145 1356 1211 locorum
1378 1165 1443 1210 nu-

299 1267 406 1313 merus
436 1269 494 1333 per
524 1247 693 1313 violarium
716 1248 880 1334 dispersus
904 1249 960 1332 sit,
997 1257 1029 1315 et
1051 1247 1254 1314 Eustatbium
1275 1247 1381 1332 ipsum
1406 1255 1442 1312 ut

299 1352 430 1418 saeculo
461 1351 668 1418 recentiorem
692 1351 835 1418 Eudocia
864 1353 936 1438 ipss
965 1353 1130 1419 excribere
1152 1351 1241 1419 nullo
1263 1351 1358 1417 modo
1380 1371 1441 1438 po-

299 1455 405 1538 tuerit,
431 1456 562 1521 eosdem
585 1455 689 1522 fontes
711 1456 781 1523 eius
805 1463 901 1540 atque
917 1456 1078 1523 Eustathii
1101 1475 1174 1522 esse
1196 1455 1342 1541 plerique
1361 1456 1440 1522 olim

298 1558 537 1625 existimabant.
585 1559 716 1626 Rectius
738 1560 802 1625 iam
819 1561 967 1626 Meineke
990 1561 1150 1628 intellexit
1171 1579 1234 1625 non
1256 1579 1352 1645 posse
1374 1560 1440 1625 nisi

301 1663 404 1748 ipsum
428 1663 631 1730 Eustatbium
655 1683 765 1731 eorum
787 1664 928 1730 locorum
951 1664 1070 1731 sontem
1093 1683 1183 1746 esse;
1217 1683 1321 1748 neque
1352 1664 1441 1730 enim

300 1765 334 1831 in
365 1767 460 1833 rebus
491 1767 568 1832 solis
598 1767 656 1833 sed
684 1767 780 1834 etiam
810 1769 844 1833 in
874 1769 981 1836 verbis
1011 1768 1149 1834 maxime
1173 1787 1244 1834 cum
1267 1768 1440 1835 Eustathio

300 1871 359 1936 illa
381 1871 527 1954 congruit
549 1871 645 1937 etiam
668 1871 710 1937 iis
733 1871 823 1954 locis,
849 1872 905 1938 ubi
928 1871 1023 1939 facile
1040 1871 1243 1938 Eustathium
1265 1872 1372 1957 ipsum
1389 1873 1440 1938 lo

299 1981 448 2056 quentem
472 1993 643 2059 agnoscas.
691 1975 845 2041 Locorum
876 1976 1000 2062 copiam
1023 1974 1123 2042 Flach
1154 1996 1224 2042 cum
1247 1997 1280 2061 p.
1309 1980 1369 2041 106
1385 1997 1437 2061 sq.

300 2078 479 2162 colligeret,
507 2079 681 2164 permultos
703 2080 827 2159 omisit;
854 2080 908 2164 qui
930 2087 1097 2166 praeterea
1118 2079 1319 2146 incommode
1342 2080 1440 2146 modo

300 2181 521 2262 Basileenses‚
557 2181 650 2248 modo
680 2183 840 2249 Romanas
869 2183 1006 2268 paginas
1035 2184 1123 2250 citat.
1177 2182 1439 2250 Emendatiorem

299 2283 439 2351 indicem
463 2285 665 2368 exhiberem,
700 2285 763 2352 nisi
786 2307 836 2352 me
859 2286 989 2353 chartae
1012 2287 1193 2370 misereret‚
1226 2307 1330 2370 neque
1354 2307 1438 2372 opus

300 2397 359 2474 est,
386 2408 465 2472 quos
488 2390 575 2456 locos
598 2409 639 2455 ex
661 2390 730 2475 ipso
752 2390 931 2473 Eustathio‚
957 2410 1036 2474 quos
1060 2410 1078 2456 e
1100 2390 1278 2456 Pbavorino
1293 2390 1441 2457 Eudocia

300 2490 434 2576 babeat,
468 2513 666 2560 enumerare.
713 2495 782 2560 Hoc
811 2493 896 2576 dico,
929 2493 963 2559 in
992 2494 1228 2561 commentariis
1258 2495 1439 2560 Homericis

300 2594 466 2662 dimidiam
500 2597 568 2663 fere
603 2603 726 2682 partem
754 2597 951 2680 Phavorino,
988 2599 1123 2665 alteram
1157 2598 1219 2684 ipsi
1252 2598 1349 2665 alicui
1383 2599 1438 2664 vel

300 2700 416 2786 scripto
439 2701 491 2766 vel
514 2701 599 2767 edito
622 2701 702 2767 libro
723 2701 883 2767 Eustathii
907 2701 1028 2768 deberi.
1068 2701 1165 2768 Manu
1181 2703 1333 2788 scriptum
1349 2701 1438 2768 enim

299 2823 341 2867 an
370 2804 456 2889 typis
485 2824 674 2890 expressum
704 2805 868 2886 habuerit,
900 2827 1005 2888 neque
1035 2803 1131 2872 facile
1154 2812 1259 2891 potest
1281 2805 1432 2884 discerni,

299 2927 370 2972 cum
400 2916 558 2993 apparatu
588 2908 698 2975 critico
727 2910 760 2974 in
787 2909 847 2975 hoc
869 2915 998 2975 auctore
1021 2929 1206 2992 careamus,
1240 2929 1344 2992 neque
1367 2928 1438 2974 om-

300 3011 374 3076 nino
397 3011 507 3096 magni
529 3012 562 3077 id
585 3019 634 3078 est
656 3013 820 3079 momenti.
867 3014 975 3080 Potest
1004 3033 1082 3079 sane
1104 3013 1250 3098 principe
1273 3011 1438 3079 Eustatbii

300 3115 439 3182 editione
462 3117 607 3181 Romana
636 3137 668 3181 a.
696 3120 778 3180 1542
809 3136 869 3183 usa
897 3137 969 3184 esse
991 3117 1151 3198 liudonis,
1183 3117 1334 3200 quoniam
1363 3123 1439 3200 post

303 3221 383 3282 1543
407 3239 478 3284 eam
502 3219 669 3304 scripsisse
691 3219 776 3286 infra
798 3221 976 3306 apparebit.

385 3323 534 3408 Exempli
556 3323 662 3407 gratia
684 3324 806 3406 aliquot
827 3325 914 3391 locos
937 3323 1104 3390 aFlaebio
1123 3325 1257 3389 omissos
1273 3343 1432 3408 propono:

299 3425 335 3490 P.
362 3431 402 3490 50
425 3427 505 3512 περὶ
520 3421 742 3512 Ἀλεξάνδρου
765 3434 825 3493 τοῦ
847 3426 1005 3492 Μυνδίου
1034 3449 1097 3494 non
1126 3448 1166 3494 ex
1189 3425 1351 3512 hesychio
1374 3427 1437 3492 Mi-

299 3529 378 3595 lesio
405 3529 457 3612 (cf.
483 3530 583 3596 Flaob
607 3553 640 3615 p.
659 3533 708 3614 49)
737 3551 842 3614 neque
865 3551 905 3596 ex
927 3530 996 3615 ipso
1019 3530 1186 3596 Athenaeo
1209 3532 1236 3596 V
1260 3533 1342 3612 221,
1376 3529 1436 3596 sed

299 3651 339 3697 ex
362 3632 529 3700 Eustathio
551 3633 594 3699 ad
616 3633 787 3700 Homerum
810 3655 843 3718 p.
868 3638 948 3698 1704
973 3632 1105 3700 duxisse
1127 3633 1271 3700 Eudooia
1292 3633 1431 3716 videtur,

299 3735 354 3802 ubi
369 3737 530 3804 Athenaei
551 3739 655 3804 locum
678 3738 735 3804 ille
751 3737 875 3803 laudat.
908 3735 921 3820 ll
950 3738 987 3802 Ρ.
1009 3741 1068 3801 145
1084 3758 1124 3804 ex
1139 3737 1211 3822 ipso
1227 3738 1318 3802 Euat.
1336 3737 1433 3802 Hom.

298 3859 331 3924 p.
353 3845 430 3907 1501
457 3849 585 3928 sumpta
608 3849 658 3907 est
678 3842 788 3925 glossa
810 3841 891 3926 περὶ
916 3839 1092 3918 Elbessos.
1125 3844 1138 3926 ΙΙ
1175 3842 1211 3906 Ρ.
1240 3845 1300 3906 149
1323 3841 1357 3906 in
1379 3861 1436 3906 ca-

299 3943 364 4027 pite
388 3945 467 4030 περὶ
487 3939 641 4022 Ἕννυοῠς
670 3945 724 4028 (ita
746 3943 848 4012 codex
870 3945 1042 4028 Eudoeiae}
1071 3946 1169 4011 verba
1193 3939 1261 4010 ἀπὸ
1286 3951 1347 4010 τοῦ
1369 3942 1435 4010 ivm

299 4044 335 4112 τὸ
368 4046 518 4135 sporacio,
557 4043 600 4125 ὡς
632 4041 649 4114 ὁ
677 4043 873 4136 Ἡρακλέων
902 4053 1006 4136 ‹ppcln
1035 4069 1075 4115 ex
1109 4049 1209 4131 (Eust.
1235 4049 1329 4114 Hom.
1356 4051 1431 4130 521)

299 4151 436 4219 Phavor.
462 4157 524 4220 666
547 4152 658 4219 addita
681 4159 763 4218 sunt.
798 4153 810 4236 ll
848 4151 957 4238 Ipsum
981 4153 1071 4218 Eust.
1098 4153 1191 4219 Hom.
1216 4173 1249 4236 p.
1272 4155 1353 4216 1766
1376 4151 1436 4218 de-

299 4256 408 4322 scribit
430 4255 574 4323 Eudocia
595 4277 626 4341 p.
656 4261 712 4321 153
732 4250 769 4321 ‘0
788 4250 909 4342 Ἑρμῆς
930 4295 973 4304 -
996 4254 1217 4344 ἕρευνητικόν.
1251 4255 1263 4340 ΙΙ
1294 4256 1377 4320 Τιιιιι
1402 4255 1437 4322 in

299 4358 412 4425 eadem
437 4381 512 4444 pag.
538 4355 732 4441 ὠνόμασται
757 4399 796 4409 -
816 4353 1041 4445 Ἡριυόιιινός,
1068 4361 1149 4428 duos
1172 4361 1257 4427 locos
1280 4357 1432 4426 Eustatb.
