3258 4924
724 459 936 522 „51-

261 642 443 728 πρυτάνεσιν
472 641 637 710 α’ποιλοῦναι
666 643 704 710 τοὶ
735 644 912 730 γράμματα.
941 644 962 730 ἡ
992 646 1027 712 a&
1056 643 1186 732 τετάρτη
1214 652 1282 732 περὶ
1310 650 1402 735 ῖεροῖν

302 751 309 770 ἱ
342 746 350 763 f
379 749 386 772 Ι
823 745 836 770 Ι

260 775 310 814 και
333 772 435 812 οσιιον.

364 907 394 973 3.
418 903 556 969 Photius
577 905 641 970 lex.
665 927 689 969 ε.
712 925 742 969 v.
765 905 855 987 κυριά
878 907 1029 989 ἐκκλησία.

365 1025 400 1087 ἕν
413 1017 436 1112 ᾗ
452 1022 523 1101 τούς
539 1021 684 1109 ῖίρχοντας
700 1025 921 1108 ἐχειροτόνουν,
937 1021 1001 1090 οἷον
1016 1024 1215 1108 στρατηγούς,
1235 1026 1402 1111 ἱππάρχους

260 1130 309 1190 καὶ
331 1125 402 1205 τούς
424 1125 586 1205 τοιούτους.
609 1126 693 1194 ἄλλοι
716 1128 751 1194 ιῖέ
774 1153 869 1215 φασιν
891 1133 967 1194 καθ’
989 1130 1117 1194 ἕκαστον
1137 1136 1224 1219 μῆνα
1242 1127 1400 1214 ἐκκλησίας

258 1226 334 1295 εἶναι
358 1237 452 1312 τρεῖς,
482 1233 514 1294 ιίί
540 1230 636 1316 κύριοι
660 1257 735 1315 προς
763 1230 921 1316 σύγκρισιν
951 1231 1092 1316 ἐλέγοντο
1121 1240 1185 1297 ταῖν
1214 1232 1398 1318 συγκλήτου.

259 1332 311 1398 Ad
334 1335 462 1420 glossae
484 1341 608 1421 partem
630 1337 769 1421 priorem
792 1337 830 1400 of.
853 1336 918 1402 lex.
943 1335 1075 1422 Seguer.
1098 1357 1130 1422 p.
1153 1339 1266 1421 274,ιο.

362 1495 391 1555 4.
420 1490 527 1556 Schol.
551 1490 592 1556 ad
614 1490 781 1557 Demosth.
804 1489 949 1575 (XXIV,
972 1491 1030 1574 20)
1054 1513 1085 1577 p.
1111 1495 1212 1574 742p
1235 1491 1332 1558 Dind.

358 1608 473 1676 Ἰστίον
506 1609 563 1696 γάρ
599 1609 644 1676 ὅτι
679 1609 755 1676 κατά
787 1617 872 1696 μῆνα
913 1619 994 1693 τρεῖς
1034 1609 1191 1696 ἐκκλησίας
1231 1609 1400 1690 ἐποιοῦντο,

258 1709 468 1796 βουλευόμενοι
492 1717 559 1797 περὶ
583 1721 645 1778 τοῖν
666 1712 700 1779 ἐν
722 1720 766 1803 τῇ
787 1713 872 1778 πόλει
894 1711 1097 1797 πραγμάτων,
1119 1713 1200 1799 πλὴν
1222 1716 1249 1780 εί
1269 1713 1316 1796 μή
1338 1713 1400 1798 άριι

259 1814 373 1900 α’νάγκη
396 1843 439 1894 τις
461 1813 609 1898 κατέλαβε
631 1815 774 1898 πολέμου,
798 1815 874 1881 ὥστε
898 1819 946 1880 καὶ
962 1819 1030 1899 περὶ
1050 1813 1164 1882 ἐκείνου
1179 1816 1274 1903 ἄλλην
1289 1817 1398 1902 ἔκκλη-

258 1919 327 1983 σίαν
350 1924 470 2006 ποιῆσαι
493 1919 583 1987 πλέον
611 1927 675 1986 τοῖν
704 1919 888 2003 ὡρισμένιον.
926 1923 974 1985 καί
1004 1920 1118 2004 ἐγίνετο
1141 1919 1162 2004 η’
1184 1919 1294 2006 πραίτη
1316 1920 1400 1986 ἑνδε-

258 2021 338 2112 κάτη
356 2027 412 2087 τού
425 2021 532 2107 μηνὸς,
556 2023 576 2108 η
592 2025 624 2089 δὲ
640 2023 765 2107 δευτίρα
781 2029 849 2107 περὶ
864 2021 923 2109 τήν
939 2021 1041 2088 εἰκάδα
1057 2022 1213 2107 (εῖκοστήν
1228 2023 1265 2089 Τ.
1282 2023 1317 2090 0.
1333 2024 1398 2106 V.)‚

260 2124 279 2212 η
302 2127 337 2191 δὲ
360 2126 447 2212 τρίτη
470 2131 538 2211 περὶ
561 2126 619 2214 τήν
640 2126 831 2213 τριακοστήν.
860 2127 900 2192 A.
923 2128 964 2193 R.
987 2127 1024 2193 T.
1048 2127 1083 2192 O.
1105 2127 1169 2193 V.¹

348 2283 393 2468 )5.
417 2281 525 2348 Sohol.
548 2281 589 2347 ad
605 2283 769 2368 Aristoph.
786 2281 866 2348 Aah.
883 2286 922 2348 19
946 2281 995 2367 (et
1017 2281 1132 2348 fluidas
1155 2307 1179 2348 ε.
1203 2304 1234 2347 v.
1257 2281 1399 2367 ἐκκλησία

258 2383 347 2466 κυρία
367 2433 374 2449 .

361 2507 464 2588 κυρίας
486 2505 652 2592 ἐκκλησίας]
676 2507 772 2587 (ούτιο
795 2507 911 2590 λέγεται
933 2508 1041 2589 κυρία2
1063 2507 1166 2590 Suid.)
1190 2507 1222 2572 ἐν
1237 2497 1258 2593 ᾗ
1275 2505 1399 2589 ἐκύρουν

259 2605 298 2670 vd
328 2611 527 2694 ψηφίσματα.
561 2611 618 2674 εἰσί
640 2610 675 2675 δὲ
705 2609 825 2691 νόμιμοι
855 2609 1009 2694 ἐκκλησίαι
1037 2611 1069 2674 αἱ
1106 2610 1262 2692 λεγόμεναι
1300 2608 1399 2692 κύριαι

260 2717 342 2792 τρεῖς
379 2717 437 2776 τοῦ
467 2710 563 2796 μηνὸς
597 2711 791 2796 Ἀθήνησιν,
828 2711 849 2796 ἡ
884 2711 990 2797 πρώτη
1024 2717 1072 2777 καί
1105 2712 1127 2796 η’
1160 2713 1270 2798 δεκάτη
1304 2715 1353 2777 καί
1379 2711 1398 2796 ἡ

261 2811 388 2894 τριακάς.
412 2816 470 2880 εἰσὶ
497 2817 596 2881 δὲκαὶ
622 2814 801 2900 πράσκλητσι
828 2813 1030 2899 συναγάμεναι
1054 2815 1130 2881 κατά
1152 2843 1219 2881 τινα
1240 2816 1398 2898 ἐπείγοντα

258 2914 429 3000 πράγματα.
453 2918 484 2982 αλ
507 2920 564 3000 μὲν
586 2913 641 2984 ούν
664 2918 785 3002 νόμιμοι
809 2924 857 2984 καί
874 2916 1034 3000 ὡρισμέναι
1056 2918 1207 3003 ἐκκλησίαι
1230 2918 1399 3002 (ἐκκλησίαι

258 3041 319 3085 om.
335 3019 441 3106 Suid.)
465 3021 561 3104 κύριαι
584 3021 732 3106 λέγονται,
755 3009 785 3087 αῖ
802 3023 838 3088 δὲ
852 3021 928 3108 πριῖς
946 3019 982 3087 τά
997 3029 1182 3106 κατεπεῖγον
1197 3021 1399 3105 συναγόμεναι

258 3121 429 3210 ούγκλητσι.

360 3283 389 3345 6.
418 3301 446 3346 ε.
470 3279 577 3346 Schol.
599 3279 641 3346 ad
664 3280 781 3347 Aesoh.
806 3281 847 3364 (Ι,
870 3280 926 3362 60)
948 3302 980 3367 p.
1003 3281 1070 3362 21,2
1093 3279 1189 3344 Dind.

360 3412 492 3493 γίνονται
516 3411 551 3475 ιλέ
574 3410 723 3494 ἐκκλησίαι
747 3419 827 3493 τρεῖς
849 3417 905 3474 τοῦ
925 3408 1023 3493 μηνός
1050 3407 1082 3471 αἱ
1104 3406 1262 3490 λεγόμεναι
1286 3403 1396 3487 κύριαι,

257 3509 293 3590 ἃς
315 3515 348 3578 ἐκ
371 3521 435 3578 ταῖν
463 3512 563 3595 νύμων
592 3511 712 3598 ἔχουσιν
743 3511 912 3598 ἀναγκαίοις
940 3519 1045 3578 τελεῖν.
1089 3509 1166 3576 ἐπάν
1188 3511 1223 3576 δὲ
1245 3508 1400 3595 αέφνίιλιύν

257 3641 285 3680 τι
308 3615 476 3706 προσπέσιη,
500 3613 730 3700 ἐκκλησιάζουσι
751 3617 819 3697 μὲν,
841 3621 974 3682 καλεῖται
997 3615 1033 3679 ιλὲ
1047 3611 1225 3698 σύγκλητος,
1249 3613 1275 3678 εί
1296 3615 1324 3677 δ’
1339 3610 1400 3695 ἄρα

256 3723 304 3784 καί
327 3721 481 3805 ἐκκλησία,
505 3719 542 3786 ου’
563 3721 660 3803 κυρία.
697 3725 746 3784 Μ.

361 3877 391 3942 b.
414 3875 520 3943 Schol.
543 3875 698 3942 κάλλεσι.
723 3873 869 3961 (XVIII,
894 3873 948 3957 73)
971 3895 1001 3960 ρ.
1026 3875 1128 3956 289μι
1151 3871 1248 3938 Dind.

360 3995 526 4081 σύγκλητος
560 3995 702 4080 ἐκκλησία
737 3993 856 4077 λέγεται
888 4020 906 4076 η
941 3992 1089 4078 γενομίνη
1120 3991 1169 4058 ίιά
1198 4019 1226 4056 τι
1258 3992 1400 4076 ἐξαίφνης

257 4105 443 4182 κατεπεῖγον.
480 4107 561 4184 τρεῖς
583 4097 641 4182 γάρ
673 4097 825 4183 ἐκκλησίαι
856 4099 911 4161 τοῦ
938 4095 1038 4181 μηνός
1068 4097 1198 4179 γίνονται
1228 4093 1401 4177 ὡρισμέναι,

345 4290 353 4324 ¹
371 4289 495 4342 Litterae
514 4293 579 4343 sunt
597 4286 722 4342 codicum
741 4286 947 4340 Dindorflanae.

342 4375 439 4446 ’κυρία
458 4379 535 4428 τουτο
554 4373 658 4427 delevit
676 4373 699 4427 1.
717 4371 829 4426 Bekker
848 4372 959 4426 iubente
978 4369 1168 4438 Bernhardpo.
1257 4455 1291 4510 4*
