3274 4934
681 407 899 468 „59-

377 628 705 638 ---------
729 599 775 658 τῶ
795 587 865 658 dcii
886 593 953 678 τ[ὰ]
975 591 1063 680 πρὸς
1084 599 1182 672 θεοῖς

375 731 789 742 -----------
812 691 890 763 οὐδὲ
905 696 1037 784 κάρφος
1054 695 1179 785 ἐβλάβη

375 835 864 848 -------------
888 801 926 868 εὐ
941 795 969 866 d'
988 799 1060 883 ἔχοι
1074 799 1173 883 τύχαι
1329 827 1355 868 ιο

377 903 477 988 φίλος
499 925 534 967 τε
557 907 714 986 Metelle
737 905 794 969 καὶ
816 909 913 982 θεοῖς
935 903 1167 990 σ[ιμ]ώμενος·

376 999 481 1072 αὐτὸν
503 1005 549 1104 di]
570 1043 590 1054 -
607 1044 629 1052 -
647 1045 668 1052 -
693 1007 750 1072 καὶ
772 1006 883 1092 και-λὰ]
907 1006 1009 1088 σώζοι
1032 1006 1175 1098 Κύπρις.

305 1195 432 1260 Placuit
454 1199 553 1260 tetum
576 1197 724 1262 carminis
748 1204 930 1264 contextum
946 1206 1101 1284 repetere,
1131 1220 1202 1265 eum
1218 1219 1358 1282 ncquea

223 1299 392 1364 Letrennio
408 1319 511 1382 neque
527 1321 548 1364 a
560 1299 697 1366 Franuie
713 1301 791 1367 satis
807 1302 1005 1368 intellectum
1021 1310 1117 1370 esset.
1143 1302 1235 1370 Prius
1249 1309 1357 1368 antem

221 1423 316 1484 quam
334 1403 501 1470 Kaibelins
517 1403 733 1469 Lcncrmantii
748 1406 934 1490 apographo
950 1427 1080 1491 prorsus
1095 1409 1241 1491 neglecte
1256 1407 1364 1491 ipsius·

220 1513 316 1590 atquc
326 1507 566 1574 Wilamcwitnii
581 1508 779 1574 coniecturas
795 1511 969 1594 proposuit,
985 1510 1140 1577 Lauthius
1155 1511 1249 1578 modo
1268 1531 1358 1596 pror-

221 1629 276 1676 sus
298 1610 426 1676 diverso
449 1631 576 1676 carmen
599 1611 767 1678 restituere
789 1613 959 1697 temptavit
969 1617 1004 1696 ¹).
1044 1614 1163 1682 Censet
1190 1615 1275 1682 enim
1308 1615 1358 1680 vir

221 1722 334 1780 acutus
351 1714 501 1780 Catilium
517 1715 628 1780 Philas
642 1715 813 1784 advectum
826 1735 912 1800 este,
938 1724 973 1784 ut
987 1725 1116 1803 propter
1129 1719 1187 1784 filii
1205 1718 1358 1784 valitudi-

222 1839 293 1884 nem
303 1818 420 1884 Isidem
431 1819 590 1904 Sospitam
604 1817 791 1906 (Σώτειραν)
804 1827 959 1888 exoraret.
977 1821 1075 1906 Atqui
1086 1841 1149 1888 nen
1163 1823 1256 1888 modo
1268 1823 1356 1888 nullo

223 1924 291 1988 leco
303 1922 344 1987 de
356 1922 421 1988 filie
433 1929 563 2007 aegroto
575 1923 693 2008 agitur,
710 1924 768 1990 sed
779 1924 852 2008 ipsa
866 1924 965 1992 verba
979 1945 1010 1988 v.
1023 1929 1042 1990 8
1058 1932 1105 1990 ιιῖι
1118 1919 1167 1990 tc
1180 1946 1256 1992 num
1272 1935 1357 1992 reete

223 2025 412 2093 Letrcnuius
434 2026 550 2110 legerit
571 2027 667 2094 valde
689 2027 811 2094 dubito.
850 2029 963 2112 Neque
979 2029 1076 2096 Isidis
1098 2035 1209 2096 auctor
1229 2029 1357 2094 omnino

223 2129 415 2194 mentionem
440 2129 531 2195 fecit:
557 2129 652 2194 immo
675 2130 827 2196 Catilium
849 2132 903 2215 qui
925 2131 1064 2198 insulam
1080 2132 1159 2198 Isidi
1174 2131 1355 2198 dedicatam

222 2233 339 2298 adierit
353 2239 385 2298 et
400 2232 435 2298 in
449 2233 519 2300 eius
534 2231 615 2299 deae
639 2233 751 2319 templi
772 2235 948 2319 parietibus
968 2236 1109 2302 earmina
1131 2255 1190 2302 sua
1209 2236 1293 2302 inter
1307 2235 1356 2300 in-

222 2336 432 2402 numerabilia
454 2343 699 2422 proscynemata
719 2337 926 2424 inscripserit,
947 2345 979 2404 et
994 2340 1102 2406 Iovem
1123 2339 1356 2423 luciensis

221 2461 252 2504 v.
272 2443 300 2524 2]
329 2445 362 2506 et
384 2438 539 2506 Venerem
569 2440 620 2524 (ib.
640 2443 702 2504 980
725 2461 756 2506 v.
779 2443 826 2524 12)
846 2462 950 2525 neque
977 2442 1096 2508 Isidem
1118 2443 1267 2508 invocare
1282 2462 1358 2508 con·

222 2545 367 2629 spicuum
389 2550 448 2608 est.
484 2545 574 2621 Quae
595 2549 704 2610 autem
720 2544 876 2612 Lauthius
891 2545 934 2612 ad
949 2546 1047 2612 verba
1062 2553 1094 2612 et
1109 2566 1221 2614 versus
1236 2547 1356 2614 consti-

221 2647 357 2714 tueudcs
373 2647 513 2732 pretulit,
532 2653 567 2713 ut
581 2647 626 2712 illi
644 2669 773 2732 parcam
790 2649 915 2714 silentio
931 2656 1109 2735 praetereo.
1234 2729 1236 2734 ,

294 2751 481 2817 Letrcnnius
497 2771 568 2816 eum
584 2773 615 2816 v.
629 2757 638 2814 t
652 2751 776 2838 Syenes
791 2751 996 2818 etPhilarum
1011 2753 1141 2820 nomina
1155 2753 1255 2820 luisse
1271 2759 1357 2822 recte

223 2855 408 2938 monuisset,
432 2854 465 2920 in
481 2855 721 2922 transcribendo
737 2857 835 2922 verba
850 2856 968 2922 tradita
983 2857 1015 2922 in
1035 2853 1149 2943 Σοάνᾳ
1165 2857 1222 2922 καὶ
1238 2857 1359 2934 Φίλαις

222 2959 365 3024 mutavit.
400 2957 464 3024 Sed
485 2957 670 3042 genetivum
686 2956 819 3037 Σοάνας
842 2981 912 3026 cum
935 2961 1129 3028 nominative
1154 2953 1257 3026 Φίλαν
1282 2982 1357 3028 ccn-

292 3235 309 3298 1)
332 3233 507 3305 Sitzunqabcr.
524 3236 549 3286 d.
565 3234 639 3304 δορα
655 3237 741 3289 Accd.
759 3197 821 3288 tunt
835 3253 861 3306 p.
871 3237 921 3287 223
934 3249 987 3304 ιφ,
1004 3235 1050 3290 ubi
1064 3235 1134 3290 haee
1146 3235 1251 3291 edidit:

376 3391 508 3454 Ἀνῆνθεν
526 3387 554 3447 ἐς
572 3387 674 3444 Πύλαν
693 3389 807 3448 Σοάνας
824 3390 871 3444 καὶ
890 3390 989 3448 Φίλαις

377 3473 429 3527 τὰν
447 3478 520 3527 ναῦν
537 3477 705 3548 προσέχοντι
724 3475 826 3538 ἐξεῖλεν
845 3473 901 3546 άχά
920 3473 1026 3545 ψάχαν,
1047 3473 1132 3550 χάριν

378 3564 466 3614 θεῶν·
488 3559 624 3630 (inigitur
643 3561 669 3614 d'
692 3559 815 3634 ἀμβολὰς
833 3562 967 3620 Καιὶλιος

377 3644 470 3718 λαβών
486 3667 513 3701 ιε
531 3646 562 3700 τὸ
581 3648 616 3700 ὃν
633 3654 774 3722 γραφεῖον
791 3647 832 3707 εἰς
848 3645 968 3720 μνάμαν
984 3645 1048 3702 τάδε

376 3731 407 3787 τὸ
427 3731 601 3807 προσκάναμ’
624 3731 715 3804 ἁγνὸν
733 3731 877 3801 ἒνεκόλαψ’
899 3733 930 3789 ἐν
948 3733 1027 3807 ἱαρῷ.

375 3817 494 3883 Πύλαις,
516 3819 583 3890 ἔβητ’
605 3819 645 3880 εἰς
663 3819 711 3880 τὰς
729 3817 816 3879 καλὰς
835 3817 947 3892 δράκων
965 3821 1061 3884 ettae,

376 3903 392 3958 ά
412 3903 531 3975 σάζυχος
549 3911 587 3976 τῷ
603 3904 643 3978 μὴ
663 3909 846 3970 συνέζευκται,
867 3907 935 3970 ξένε,

375 3993 406 4051 ὃς
424 3993 471 4046 καὶ
490 3989 583 4061 διάγει
602 3990 667 4052 inde
684 3997 721 4046 τῶ
740 3989 787 4056 dei,
808 3991 842 4046 τά
862 3990 932 4066 πρὸς
950 3997 1029 4052 θεοῖς

385 4076 531 4152 άμάμονος
548 4082 611 4150 μὲν,
633 4082 681 4133 τοῦ
701 4079 730 4134 «ll
748 4075 858 4152 κάρφος
877 4075 985 4148 ἐβλάβη.

378 4165 424 4220 ἅδ’
447 4165 505 4220 ἐστὶ
523 4169 560 4219 τῶ
580 4166 713 4236 ἅγναισις.
751 4163 788 4218 Εἰ
807 4165 832 4218 δ’
855 4165 913 4235 ἔχοι
933 4162 1003 4234 τύχᾳ

377 4249 465 4314 δόξειε
483 4253 530 4304 καὶ
549 4257 641 4306 θεοῖσι
660 4284 674 4293 -
692 4251 723 4306 τὸ
743 4270 798 4324 προ
815 4283 828 4291 -
848 4255 885 4304 τῶ
902 4253 988 4324 μένος

373 4339 463 4411 μένον
480 4336 521 4396 εἰς
539 4337 629 4393 αἰῶνα
647 4340 691 4392 aci
712 4336 783 4392 καλὰ
802 4336 883 4400 σώζοι
902 4337 1023 4415 Κύπρις.
