3274 4934
301 1366 381 1430 Cum
405 1363 625 1446 quaestionem
649 1362 813 1428 difficilem
843 1363 884 1428 de
912 1363 1075 1447 provincie
1098 1369 1228 1429 senatus
1249 1361 1350 1428 Athe-

214 1487 374 1551 niensium
392 1490 564 1550 retractare
587 1484 794 1568 susciperem,
821 1502 903 1567 quae
928 1483 1098 1568 scriptores
1125 1505 1230 1550 rerum
1247 1485 1350 1552 Grae-

214 1594 322 1670 carum
345 1605 415 1671 sive
437 1605 581 1670 historici
607 1605 676 1671 sive
698 1611 838 1670 oratores
862 1605 931 1670 sive
954 1605 1011 1669 alii
1034 1603 1074 1670 de
1096 1606 1153 1671 illo
1172 1626 1270 1692 saepe
1285 1629 1350 1673 non

214 1733 278 1791 tam
302 1725 444 1791 referunt
466 1745 561 1808 quam
587 1726 691 1792 obiter
709 1732 862 1810 tangunt,
887 1725 929 1790 iis
949 1725 1122 1790 maximam
1146 1732 1269 1810 partem
1293 1749 1350 1793 ne-

214 1847 330 1930 glectis
349 1845 590 1930 inscriptionum
610 1846 787 1912 Atticarum
808 1845 876 1912 fere
901 1845 1039 1910 solarum
1060 1844 1216 1910 rationem
1238 1846 1348 1930 habui,

214 1989 277 2033 non
299 1987 362 2050 quo
384 1965 602 2032 existimarem
624 1987 664 2031 ex
688 1965 879 2032 testimoniis
900 1972 1043 2031 veterum
1059 1966 1248 2052 scriptorum
1270 1968 1351 2033 nihil

133 2163 137 2171 ¹
214 2090 277 2154 iam
301 2089 375 2155 novi
395 2088 475 2154 disci
495 2107 600 2172 posse,
623 2086 682 2152 sed
699 2087 784 2169 quod
802 2087 902 2153 multo
920 2087 1047 2153 facilins
1066 2106 1138 2153 esse
1155 2088 1232 2154 duxi
1246 2087 1351 2155 fontes

214 2209 353 2275 nondum
370 2209 451 2275 satis
466 2209 641 2275 exhaustos
664 2207 860 2292 adirequam
875 2208 909 2273 in
925 2208 1005 2290 vias,
1025 2228 1105 2292 quas
1120 2209 1250 2295 plurimi
1265 2210 1351 2293 iique
1457 2205 1462 2220 '

215 2331 393 2398 doctissimi
408 2331 468 2397 viri
481 2337 578 2397 autea
588 2331 652 2396 iam
665 2331 802 2415 ingressi
815 2336 933 2414 essent,
949 2330 1053 2396 denuo
1067 2352 1118 2397 ma
1131 2331 1219 2398 dare.
1238 2331 1352 2415 Neque

214 2473 290 2518 vero
306 2473 357 2518 me
374 2451 458 2536 sugit
474 2453 535 2518 hac
550 2452 672 2517 ratione
687 2472 753 2518 rem
769 2451 802 2516 in
814 2451 992 2536 perieulum
1004 2451 1166 2534 quoddam
1179 2453 1350 2519 adductam

215 2597 298 2660 osse,
318 2577 369 2642 cui
385 2597 436 2641 me
457 2576 587 2660 saepius
602 2576 703 2642 semel
726 2575 932 2641 succubuisse
952 2575 1022 2660 ipse
1045 2575 1142 2660 probe
1160 2575 1236 2640 scio.
1271 2575 1350 2642 Cum

214 2699 298 2765 enim
322 2698 404 2764 alter
427 2697 540 2763 titulus
563 2697 658 2781 haec,
684 2698 766 2762 alter
788 2697 856 2780 illa,
886 2704 1046 2780 utcunque
1063 2697 1128 2764 fors
1150 2699 1238 2782 tulit,
1268 2718 1351 2780 quae

213 2826 389 2887 memoratu
414 2820 513 2903 digna
535 2818 614 2902 sint,
640 2817 682 2885 de
703 2824 817 2884 senatu
833 2818 1024 2886 Atheniensi
1040 2818 1170 2901 doceat,
1198 2817 1352 2884 difficilli-

214 2963 299 3007 mum
316 2947 366 3008 est
380 2940 488 3006 omnia
503 2941 548 3005 ite
562 2940 595 3005 in
612 2939 887 3006 commentationis
903 2939 1036 3006 sormam
1053 2938 1211 3023 redigere,
1234 2945 1269 3004 ut
1284 2939 1351 3004 sin-

213 3064 291 3147 gula
317 3069 385 3128 arte
412 3063 495 3128 inter
524 3081 559 3128 se
590 3062 783 3128 cohaereant
813 3069 845 3128 et
870 3068 1065 3148 opportunus
1092 3061 1231 3146 capitum
1258 3060 1348 3142 ordo,

213 3184 341 3265 qualem
367 3189 477 3248 tenere
497 3182 699 3262 maluissem,
727 3181 893 3248 efficiatur.
936 3181 1089 3266 Disposui
1118 3187 1225 3246 autem
1255 3200 1352 3263 argu-

213 3310 355 3368 mentum
371 3303 427 3387 ita,
449 3309 483 3368 ut
498 3302 687 3387 praemissis
702 3302 979 3369 observationibus
994 3301 1184 3384 quibusdam
1201 3301 1242 3367 de
1257 3321 1352 3366 sena-

212 3433 264 3490 tus
278 3425 311 3489 in
328 3424 472 3510 pecuniis
488 3423 625 3509 publicis
640 3423 904 3490 administrandis
921 3422 1110 3489 auctoritate
1125 3443 1256 3504 agerem

332 3564 358 3627 Ι.
377 3561 417 3628 de
433 3561 579 3628 eiusdem
595 3561 783 3628 auctoritate
799 3563 831 3628 in
847 3561 1019 3628 honoribus
1034 3561 1224 3644 tribuendis,

314 3683 356 3747 11.
375 3682 416 3748 de
432 3682 650 3748 iurisdictione
666 3689 808 3766 senatus,

298 3804 355 3868 III.
365 3802 416 3900 ‚do
432 3809 545 3869 senatu
562 3803 712 3888 operibus
727 3803 865 3890 publicis
880 3803 1053 3890 praefecto,

299 3925 354 3990 lv.
373 3924 413 3991 de
430 3933 562 3992 senatus
578 3932 737 4010 potestate
752 3927 785 3992 in
802 3927 959 3992 sociorum
974 3925 1104 3992 tributis
1119 3923 1301 4002 censendis,

313 4048 351 4112 V.
371 4045 411 4111 de
439 4053 570 4112 senatus
597 4047 630 4112 in
657 4049 845 4115 commercio
871 4048 984 4134 populi
1009 4045 1255 4114 Atheniensium
1282 4065 1353 4111 cum

367 4167 441 4232 aliis
465 4167 666 4252 civitatibus,
699 4171 873 4258 praecipue
895 4171 930 4237 in
952 4169 1138 4237 foederibus
1162 4187 1354 4254 componen-

368 4290 419 4358 dis
439 4297 610 4381 potestate.
