3248 4928
610 471 653 480 -
700 435 786 517 μοι]
833 473 875 481 -
1270 437 1311 496 aa

260 624 349 690 Mitto
378 622 517 705 deniqne
547 622 690 689 ordinem
720 623 931 689 membrorum
954 623 1114 712 interdurn
1137 623 1308 706 turbatum,

174 728 300 812 dequo
323 726 435 794 eodem
458 727 528 793 loeo
550 727 652 793 Flaoh
674 727 830 811 loquitnr;
866 746 971 813 panea
992 725 1111 792 addam
1135 725 1175 792 de
1198 747 1237 792 eo
1258 747 1312 793 ar—

172 837 341 916 gumento,
367 830 453 914 qnod
475 835 652 896 extremum
674 830 764 916 ponit
785 830 888 896 Flaeh
910 852 943 915 p.
971 832 1049 910 149,
1076 829 1146 896 fieri
1168 852 1232 897 non
1253 852 1312 917 po-

173 936 272 1002 tuisse
295 941 331 1000 ut
352 933 501 1000 meliores
516 933 663 1000 Eodoeia
685 955 781 1018 quarn
797 934 930 999 Nonnus
952 934 1122 1019 praeberet
1143 934 1308 1018 lectiones,

176 1039 203 1104 si
227 1058 286 1104 nea
309 1058 346 1104 eo
370 1043 467 1103 esset.
507 1039 674 1104 Praestare
697 1045 804 1104 autem
819 1037 998 1104 Nonnianis
1012 1037 1046 1102 in
1061 1037 1195 1104 violario
1211 1038 1305 1104 haee:

259 1142 296 1206 P.
324 1146 362 1206 15
393 1139 432 1206 ὃν
455 1139 486 1206 oi
509 1141 588 1206 θεοὶ
611 1139 784 1217 ἰδόντες
806 1142 888 1207 bene
910 1139 1071 1222 Eudoeia,
1108 1191 1172 1206 ...
1198 1140 1312 1207 εἰδό-

174 1269 240 1321 τες
262 1245 369 1310 Nonn.
394 1245 476 1310 186.
517 1246 559 1310 At
582 1244 818 1310 tridentes«
841 1245 939 1311 etiam
955 1245 1069 1312 Billiua
1100 1245 1113 1330 ΙΙ
1142 1245 1179 1311 Ρ.
1197 1248 1238 1310 95
1261 1244 1311 1310 in·

172 1359 247 1433 epta
268 1347 375 1414 Nonni
391 1348 405 1412 Ι
421 1353 458 1411 41
483 1349 583 1414 verba
605 1349 662 1413 καὶ
684 1345 851 1431 λαμβάνει
874 1344 1089 1431 αἰχμάλωτον
1111 1344 1172 1414 τὸν
1185 1341 1311 1414 Ὕλλον

173 1450 234 1518 τόν
248 1449 323 1518 οίδν
339 1458 399 1518 τοῦ
416 1450 669 1536 Θειοδάμαντος
688 1453 729 1520 ab
744 1452 890 1518 Eudoeia
906 1453 988 1520 bene
1002 1453 1118 1519 abesae
1133 1453 1181 1518 ait
1195 1451 1308 1518 Flaeh.

171 1557 241 1623 Neo
263 1577 339 1623 vero
362 1557 480 1640 Nonni,
507 1555 564 1623 sed
586 1556 774 1624 Montoeutii
796 1557 903 1622 dicere
926 1557 1083 1634 debebat;
1110 1577 1184 1622 narn
1207 1556 1310 1622 aBil-

171 1660 206 1727 iii
228 1661 489 1746 interpretatione
513 1660 627 1727 eadem
650 1661 767 1726 abeunt
801 1661 814 1746 ΙΙ
851 1661 885 1725 Ρ.
913 1663 975 1725 268
996 1654 1163 1736 Ἰόλαος
1186 1652 1203 1724 ό
1224 1653 1310 1746 Ἰφι-

171 1765 288 1840 κλέους
326 1758 529 1852 ἀδελφιδοῦς
566 1759 612 1830 ὢν
648 1771 694 1850 τῷ
727 1758 889 1849 Ἡρακλεῖ
932 1763 1014 1830 Eud.
1051 1763 1169 1830 rectius
1213 1784 1308 1846 quarn

169 1869 303 1934 Nonnus
326 1869 342 1932 1
364 1871 405 1932 49
420 1862 558 1945 Ὕλας.
607 1867 700 1948 Quod
722 1868 784 1934 nisi
806 1869 865 1934 illa
886 1868 919 1933 in
943 1887 1000 1934 suo
1024 1867 1132 1933 oodioe
1154 1866 1304 1952 repperit,

170 1971 347 2038 fortassee
371 1971 499 2038 Soholio
521 1973 600 2040 Hee.
624 1972 750 2056 Theog.
776 1975 838 2036 317
863 1972 937 2038 Bae.
964 1993 995 2056 p.
1019 1973 1082 2036 248
1105 1970 1240 2037 addidit.

256 2075 368 2160 Neque
391 2097 426 2142 re
448 2097 534 2158 vera,
563 2083 598 2143 nt
619 2077 690 2142 'vult
711 2077 813 2142 Flaoh
829 2097 862 2161 p.
881 2080 951 2158 150,
978 2095 1048 2140 oum
1066 2074 1183 2141 Coena
1198 2074 1309 2140 leetio·

170 2199 228 2246 nes
244 2179 407 2246 Eudoeiae
429 2182 538 2266 plures
553 2195 648 2263 qnam
665 2199 736 2246 enm
752 2180 867 2260 Nonne
882 2186 1071 2264 congruunt.
1113 2179 1198 2246 Sane
1214 2201 1247 2264 p.
1268 2185 1307 2245 40
1422 2197 1426 2206 ’

171 2277 330 2368 Ἀρκαδία
354 2280 496 2363 πόλις,
530 2303 594 2348 non
624 2279 740 2368 χώρα
770 2282 868 2348 etiam
892 2282 1026 2348 Nonnua
1056 2281 1155 2349 habet
1178 2282 1305 2365 (Creon.

169 2409 200 2472 p.
222 2389 286 2470 78),
314 2387 384 2454 eius
406 2387 546 2470 glossae,
573 2393 608 2452 ut
631 2405 729 2471 supra
750 2407 783 2471 p.
802 2387 841 2450 48
865 2384 942 2468 dixi,
969 2385 1070 2470 origo.

256 2491 291 2555 P.
319 2493 359 2554 90
393 2498 459 2556 τῶν
490 2487 677 2572 πλοκάμων
709 2496 776 2554 τοῖιν
806 2487 926 2576 ἑαυτῆς
956 2483 1140 2575 άπόκαρμα
1175 2489 1308 2556 Nonnun

168 2595 265 2660 Moni.
284 2595 363 2676 112,
389 2591 450 2659 τόν
465 2591 644 2676 πλόκαμον
661 2587 872 2678 άποκείραοα
888 2590 949 2658 τὸν
971 2589 1091 2679 ἑαυτῆς
1114 2591 1257 2658 Eudooia
1275 2600 1308 2659 et

168 2683 315 2765 Cosdras.
355 2699 420 2765 Sed
442 2698 527 2766 idern
550 2698 636 2784 apud
653 2699 800 2764 Nonnum
825 2697 904 2782 legit
918 2697 1034 2763 Billiue
1057 2695 1229 2763 »detonsos
1244 2697 1307 2763 eri-

169 2823 247 2868 neo«
270 2803 507 2888 interpretatus.

253 2905 288 2970 P.
315 2909 371 2969 251
409 2903 446 2970 ἐν
468 2899 656 2989 Ἀντιοχείᾳ
685 2904 848 2970 Endooiae
878 2909 985 2970 textus
1012 2911 1044 2970 et
1067 2905 1219 2989 cosmae,
1252 2929 1304 2990 χρ.

169 3009 247 3091 περὶ
270 3005 331 3094 τὴν
346 3001 554 3088 Ἀντιόχειαν
576 3007 738 3074 Eudooiae
762 3006 880 3073 codicis
903 3027 1025 3090 margO,
1052 3005 1138 3073 κατά
1157 3006 1217 3097 τὴν
1233 3003 1308 3076 Ἀν-

168 3109 318 3193 τιόχειαν
340 3113 445 3178 Nonn.
472 3111 503 3176 11
527 3115 579 3192 nt,
607 3109 660 3176 »in
683 3111 872 3178 Antiochia«
896 3111 1022 3177 Billiue.

252 3217 287 3280 P.
313 3219 375 3279 257
407 3209 609 3294 ἀπενίζοντο
631 3214 738 3281 Nonni
760 3215 776 3279 Ι
800 3217 840 3280 63
871 3215 973 3281 codex
996 3212 1121 3300 Regius
1147 3236 1217 3281 oum
1241 3217 1306 3282 Eu·

166 3317 263 3383 donia
286 3319 392 3385 habet.

252 3423 287 3487 P.
314 3425 378 3488 266
401 3423 480 3509 περὶ
504 3418 629 3507 Κόρου.
656 3421 792 3488 ἔπεισεν
815 3417 948 3501 αὐτοὺς,
976 3443 1061 3506 qnae
1083 3425 1184 3490 verba
1205 3423 1302 3488 Mont.

169 3523 285 3590 omittit
311 3525 426 3609 (Nono.
452 3525 559 3610 119),
592 3546 665 3592 oum
687 3525 832 3592 Eudooia
853 3525 934 3609 legit
955 3527 1071 3592 Billine
1099 3527 1210 3612 (aipein
1233 3547 1307 3611 per-

170 3628 318 3711 attonito).

251 3732 286 3795 P.
313 3735 375 3796 387
399 3737 632 3819 νομοθετῆσαι
653 3731 752 3810 τοὺς
774 3731 928 3815 νόμους
951 3735 1085 3799 Nonnus
1100 3734 1115 3798 Ι
1132 3738 1170 3798 tt
1192 3735 1303 3816 Meet..

166 3841 289 3916 νομοίί.
316 3847 407 3914 τοῖς
430 3841 546 3913 νέοις
569 3839 719 3921 (leemas,
753 3843 877 3920 νομοί.
904 3836 1001 3914 τοὺς
1027 3841 1146 3914 νέους
1169 3838 1302 3921 Εαάοο.,

168 3939 424 4007 »iuventuti«
448 3941 574 4009 Billiue.

255 4043 290 4108 P.
318 4047 379 4108 413
403 4065 501 4131 snpra
523 4065 554 4130 p.
575 4049 615 4108 49
638 4044 706 4111 dixi
729 4046 873 4113 scholion
895 4047 1052 4113 ineditum
1075 4047 1182 4113 Nonni
1205 4047 1247 4114 ad
1270 4049 1304 4112 S.

165 4147 242 4212 lum.
275 4147 383 4232 (Mign.
411 4170 442 4233 p.
462 4151 534 4230 337)
562 4150 739 4235 exoriptum
763 4169 846 4216 esee.

255 4251 344 4317 Haeo
366 4251 483 4334 habui,
513 4253 628 4336 quibos
651 4254 757 4319 Nonni
780 4253 813 4319 in
836 4261 983 4338 quattuor
1005 4255 1038 4319 S.
1065 4255 1212 4339 Gregorii
1235 4277 1307 4321 ora-

168 4353 271 4420 tiones
305 4355 429 4422 seholia
455 4355 488 4422 in
510 4355 672 4423 Endooiae
702 4357 835 4423 fontium
866 4379 998 4425 numero
1028 4378 1100 4425 esse
1124 4359 1303 4443 probarem.
