3258 4924
697 450 907 514 „52-

234 638 254 724 ἡ
278 639 314 704 δὲ
335 637 502 722 σύγκλητος
525 637 584 722 οὐχ
608 636 768 722 ὡρισμένη.
794 641 829 704 Ρ.
875 637 997 704 Eadem
1019 637 1085 704 iero
1101 638 1200 706 schol.
1222 639 1262 704 ad
1277 638 1372 720 XIX,

237 746 298 807 123
321 764 351 828 p.
375 745 476 824 39l‚ro
499 743 595 808 Dind.
792 739 806 766 '

338 903 364 945 c.
392 880 498 946 Schol.
522 879 561 943 ad
586 880 703 944 Aesch.
728 878 806 964 (ΙΙΙ,
831 880 886 963 24)
910 903 942 967 p.
965 885 1031 964 83‚r
1054 881 1151 946 Dind.

336 1009 416 1083 τρεῖς
440 999 496 1085 γάρ
520 999 670 1086 ἱνκλησίαι
693 1000 769 1066 κατά
790 1006 874 1084 μῆνα
898 1001 1046 1084 ἐγένοντο.
1080 1003 1115 1068 F.

337 1116 443 1188 Idem*
460 1122 527 1188 lero
556 1121 662 1186 Schol.
697 1121 738 1186 ad
767 1121 859 1187 Dem.
892 1123 987 1206 (XX,
1012 1124 1069 1209 94)
1097 1145 1130 1210 p.
1161 1125 1248 1205 coos
1276 1120 1371 1188 Dind.

233 1226 329 1293 Adde
351 1227 456 1292 Schol.
481 1226 522 1290 ad
544 1225 637 1290 Dem.
662 1225 771 1306 (XIX,
798 1229 874 1307 154)
897 1249 928 1312 p.
951 1229 1039 1310 410„
1062 1227 1158 1292 Dind.

336 1331 368 1396 ἓν
399 1337 461 1395 τῶν
492 1333 584 1412 τριῶν
613 1327 778 1412 irripuerit
807 1328 885 1412 λέγει
919 1336 981 1394 τῶν
1010 1329 1201 1412 ὡρισμένων,
1235 1328 1276 1406 ὡς
1306 1327 1370 1412 ἤδη

233 1431 354 1499 ἐκείνων
376 1436 652 1514 accercito-istoria
677 1433 738 1494 τῶν
761 1438 861 1514 τριῶν.
896 1433 935 1496 A.
959 1433 995 1497 T.

195 1563 212 1588 ·
335 1552 481 1637 Adparet
493 1553 770 1637 grammaticorum
787 1551 919 1618 alteram
932 1557 1055 1636 partem
1068 1552 1184 1618 dooere
1199 1559 1369 1638 quaternas

233 1657 399 1722 contiones
415 1657 547 1740 singulis
559 1657 714 1742 prytaniis
732 1655 857 1720 habitas
871 1676 939 1720 esse
956 1655 1102 1738 Athenis,
1119 1655 1251 1721 alteram
1264 1663 1370 1721 ternas

233 1760 365 1846 singulis
374 1759 546 1825 mensibus.
561 1759 669 1844 Atque
678 1759 1008 1844 priorissenteutiaelo
1018 1760 1250 1844 cupietissimus
1258 1767 1370 1825 auctor

233 1862 376 1928 adfertur
398 1861 590 1926 Aristoteles
621 1862 652 1924 in
682 1881 747 1945 rep.
779 1859 855 1923 Ath.
879 1859 948 1941 (1),
978 1860 1028 1924 cui
1051 1861 1216 1926 Pollucem
1240 1882 1368 1946 quoque

234 1965 285 2048 (2)
317 1989 376 2030 sua
417 1964 536 2031 debere
571 1985 611 2028 ex
646 1964 816 2029 verborum
851 1960 1055 2027 similitudine
1094 1966 1171 2030 satis
1205 1964 1368 2050 adparet¹

130 2097 134 2104 ·
232 2069 343 2133 Altera
366 2090 440 2154 pars
462 2068 742 2150 grammaticorum
765 2065 811 2148 (3,
829 2069 859 2146 4,
875 2069 904 2146 5,
925 2065 971 2148 6).
995 2068 1048 2154 qui
1073 2075 1179 2132 ternas
1201 2069 1367 2133 contiones

233 2172 368 2254 singulis
384 2169 546 2234 mensibus
562 2169 686 2232 habitas
700 2189 770 2234 esee
793 2169 918 2248 docent,
941 2191 1040 2234 uuum
1065 2179 1098 2235 et
1120 2171 1180 2255 ipsi
1203 2177 1367 2234 auctorem

232 2281 420 2359 sequuntur,
444 2273 499 2356 qui
521 2272 591 2355 quis
613 2271 711 2337 fuerit
734 2271 865 2336 dubium
889 2279 946 2338 ost

337 2374 513 2440 Conciliaro
542 2381 652 2439 autem
680 2375 738 2438 has
768 2375 994 2460 discrepantiae
1024 2377 1068 2440 ita
1096 2375 1218 2441 studuit
1249 2374 1368 2441 Schoe-

232 2478 359 2557 mauu‚2
381 2485 418 2552 ut
440 2476 593 2540 Photium
616 2484 648 2541 et
671 2477 858 2544 scholiastae
881 2476 995 2562 (3-6)
1020 2478 1138 2546 diceret
1170 2479 1369 2562 „respexisse

232 2591 377 2665 tempora
398 2586 472 2664 post
501 2579 542 2642 ol.
569 2581 677 2660 118,2,
705 2601 778 2644 cum
809 2580 841 2644 iu
870 2580 1039 2646 duodecim
1069 2582 1170 2647 tribus
1200 2581 1370 2648 distributa

232 2685 360 2748 civitate
382 2682 548 2768 prytauiac
571 2701 699 2766 quoque
729 2689 821 2747 erent
843 2682 1029 2766 duodecim,
1060 2686 1259 2768 singulorum
1281 2705 1369 2748 meu·

230 2786 313 2850 sium
335 2787 439 2871 spatia
460 2785 679 2870 courplexae“‚
705 2822 738 2830 -
767 2786 891 2868 glossas
912 2793 1019 2850 autem
1036 2786 1300 2871 Harpocrationis
1316 2783 1368 2868 (l)

231 2896 264 2954 ot
287 2887 429 2952 Pollucis
459 2885 512 2969 (2)
548 2887 728 2971 „portinere
762 2887 802 2952 ad
838 2888 1021 2973 antiquiora
1054 2893 1198 2972 tempora
1231 2909 1368 2974 eamque

230 2991 426 3074 reipublicae
450 2989 595 3068 sormam,
618 3011 713 3074 quom
729 2989 920 3054 Aristoteles
936 2989 1089 3054 viderat“.
1128 2991 1233 3064 Quam
1248 2992 1370 3058 Schoe-

231 3093 338 3157 manni
367 3093 557 3156 senteutiam
585 3093 755 3176 repetitam
783 3092 915 3176 abipso
939 3092 1082 3156 inlibris
1106 3091 1145 3156 do
1167 3095 1285 3180 antiqu.
1308 3096 1368 3160 iur.

230 3195 317 3280 publ.
341 3217 372 3280 p.
395 3195 457 3257 227
483 3199 515 3258 et
537 3195 658 3278 antiqu.
683 3195 738 3259 Gr.
761 3193 845 3280 publ.
862 3215 890 3279 p.
907 3195 969 3257 403
993 3195 1176 3280 compositis
1200 3195 1259 3259 viri
1282 3197 1368 3260 docti

230 3298 285 3382 qui
309 3297 357 3361 his
381 3290 421 3360 de
445 3295 541 3360 rebus
565 3303 699 3381 egerunt
722 3317 833 3360 omnes
857 3293 1010 3379 probasse
1033 3295 1213 3362 videntur.³

334 3399 403 3464 Iam
435 3400 535 3464 titulis
566 3421 647 3486 quos
678 3420 777 3485 supra
808 3398 986 3462 examinari
1015 3399 1093 3463 hoec
1125 3400 1230 3484 opinio
1262 3421 1368 3485 nequo

229 3503 458 3588 comprobatur
480 3523 585 3590 neque
606 3503 776 3580 refutatur,
799 3502 873 3585 quia
893 3521 934 3565 ne
949 3501 1041 3565 unius
1057 3501 1182 3585 quidem
1199 3505 1369 3586 prytauiae

316 3731 325 3764 ¹
346 3726 382 3778 ci.
400 3725 431 3776 V.
451 3725 525 3777 Rosa
549 3726 663 3777 Aristot.
688 3723 865 3792 pseudepigr.
891 3739 907 3790 p
940 3721 992 3774 436
1016 3737 1091 3790 sqq.;
1121 3723 1148 3774 li.
1174 3739 1199 3776 v.
1225 3725 1368 3792 Stojentirr

229 3811 263 3864 do
289 3813 353 3864 Iulii
381 3811 505 3864 Pollucis
531 3811 697 3862 auctoritato
721 3827 748 3878 p.
776 3809 809 3860 15
827 3811 854 3860 st
878 3805 912 3858 88
930 3823 1002 3873 sqq..
1026 3808 1071 3874 qui
1095 3824 1163 3874 quos
1187 3825 1237 3876 por
1265 3813 1369 3864 rivulos

228 3897 355 3948 doctrina
380 3895 539 3946 Aristotelia
566 3893 601 3946 ad
626 3895 689 3946 illos
714 3891 839 3944 homines
863 3889 997 3952 manarit,
1024 3891 1164 3956 explicere
1188 3897 1288 3948 studet.
1326 3895 1369 3948 De

226 3983 327 4036 cereris
346 3995 417 4048 quae
435 3979 604 4045 grammatici
623 3978 745 4042 uadunt,
766 3977 831 4043 qnid
851 3973 885 4026 ad
905 3975 1083 4027 Aristotelem
1102 3975 1206 4042 redeat,
1225 3979 1299 4032 iufra
1317 3997 1368 4034 suo

226 4067 348 4136 quidque
366 4067 427 4120 loco
447 4067 640 4134 exponendum
658 4065 719 4118 erit.

313 4168 376 4221 *de
395 4168 515 4222 comitiis
535 4168 597 4218 utu.
617 4184 643 4234 p.
661 4165 695 4218 32
715 4168 744 4247 et
760 4161 795 4216 43
814 4177 856 4228 sq.

311 4273 377 4324 ’ot
396 4269 509 4324 Boockh
535 4269 652 4320 Staateh.
677 4265 692 4318 1
716 4265 782 4328 3263
808 4261 1141 4315 carlummannum.
1169 4263 1194 4314 d.
1214 4265 1243 4320 k.
1261 4268 1370 4323 νωθὴς,

224 4357 290 4414 Ges.
308 4359 335 4410 d.
353 4357 398 4409 W.
417 4353 532 4408 18o011
552 4353 597 4410 10;
618 4353 758 4406 Hermann
778 4345 979 4399 Stastsaltortlr.
999 4345 1031 4396 1⁶
1048 4344 1063 4410 9
1083 4344 1132 4398 128
1143 4367 1161 4406 ι,
1174 4366 1193 4400 ε,
