3226 4932
378 829 450 894 Non
473 829 599 913 egimus
622 828 788 911 hucusque
811 829 853 895 de
868 829 916 895 eis
933 828 1071 914 strophis
1086 828 1214 912 doricis,
1241 848 1324 912 qnae
1339 850 1439 915 prae·

290 941 340 1000 ter
369 932 507 1018 epinicia
536 931 668 998 Pindari
697 931 837 999 traditae
868 939 942 999 sunt
971 932 1004 998 in
1030 931 1220 1016 fragmentis
1249 939 1282 998 et
1304 931 1439 998 Pindari

290 1035 394 1120 ipsius
418 1034 607 1101 stallorum
629 1035 801 1120 lyricorum
824 1041 856 1102 et
878 1036 913 1102 in
936 1035 1091 1102 dramatis
1114 1035 1232 1102 atticis.

376 1139 573 1224 Fragmenta
596 1138 729 1204 Pindari
760 1139 869 1206 dorico
898 1147 999 1206 metro
1028 1137 1232 1206 decurrentia
1259 1138 1363 1205 isdem
1385 1139 1438 1205 lc-

289 1241 384 1325 gibns
407 1241 547 1308 metricis
576 1242 715 1310 obnoxia
746 1251 821 1310 sunt
845 1251 943 1328 atque
973 1242 1161 1329 epinicia*).
1209 1242 1334 1308 Divisio
1357 1263 1437 1309 vero

290 1365 440 1410 versuum
463 1345 585 1412 incerta
607 1351 667 1430 est,
693 1345 757 1412 nisi
781 1347 910 1432 syllaba
932 1365 1053 1433 anceps
1068 1346 1121 1413 vei
1136 1346 1244 1412 hiatus
1259 1345 1435 1430 vestigium

288 1448 473 1532 praebeant,
499 1455 556 1514 aut
577 1448 659 1514 arsis
681 1448 827 1534 praefixa
849 1469 908 1516 nos
930 1456 1026 1534 cogat
1048 1449 1118 1516 colo
1140 1450 1318 1516 acatalecto
1335 1469 1436 1534 prae-

288 1549 422 1616 cedente
451 1549 586 1616 formam
616 1551 676 1616 soli
699 1552 800 1617 exitui
823 1571 936 1619 versus
960 1571 1145 1619 concessam
1168 1553 1245 1619 dare
1271 1601 1305 1616 ..
1329 1570 1379 1617 ,ι
1395 1553 1433 1616 Ξ.

289 1652 358 1717 Ηοε
380 1659 488 1718 autem
511 1653 641 1739 saepius
663 1653 700 1720 fit
721 1655 754 1722 in
784 1655 994 1740 fragmentis,
1026 1655 1103 1740 qnia
1132 1675 1253 1744 genera
1281 1675 1434 1742 poeseos,

287 1775 420 1838 quorum
450 1755 632 1840 fragmenta
660 1765 791 1825 servata
817 1767 907 1843 sunt,
939 1779 1052 1827 versus
1081 1760 1124 1826 ab
1151 1759 1217 1826 arsi
1239 1759 1437 1846 incipientes

288 1859 480 1944 praetulisse
508 1860 671 1940 videntur;
709 1861 764 1944 qni
788 1863 878 1928 utin
900 1863 1049 1948 epinioiis
1072 1863 1246 1930 admodum
1269 1863 1333 1928 rari
1357 1875 1438 1930 sunt

290 1965 341 2044 (48
359 1983 400 2028 ex
416 1964 503 2046 246),
531 1963 565 2030 in
588 1963 777 2048 fragmentis
799 1985 912 2032 versus
930 1969 969 2033 18
992 1967 1039 2034 ita
1061 1965 1260 2048 conformati,
1286 1973 1321 2032 nt
1343 1965 1437 2034 ovl

286 2071 342 2131 str.
362 2071 380 2130 5
404 2072 438 2131 et
459 2064 480 2131 1
503 2066 518 2130 I
541 2085 594 2151 ep.
620 2073 657 2149 5,
684 2075 810 2150 estam,
837 2089 971 2153 qnorum
995 2090 1078 2137 nnus
1100 2069 1134 2136 in
1156 2069 1337 2154 fragmento
1362 2073 1439 2156 epi-

285 2167 359 2233 nicii
382 2167 421 2233 ir.
451 2173 463 2232 1
496 2169 579 2253 (Bg.)
607 2191 638 2234 v.
658 2173 688 2252 2,
709 2175 746 2236 3:

371 2324 393 2334 -
410 2288 433 2335 .'.
448 2306 474 2336 υ
489 2326 511 2335 ..
527 2305 552 2335 υ
566 2289 590 2336 L
606 2307 657 2338 w
674 2308 701 2343 l.
716 2290 741 2337 Ξ
765 2291 768 2376 ρ

370 2389 519 2475 Αἴγινα·
545 2387 608 2458 σὺν
630 2397 723 2458 θεῶν
746 2392 782 2459 δέ
805 2417 859 2460 νιν
882 2393 963 2480 α’ίοᾳ

512 2547 535 2559 -
620 2530 646 2566 ι,
673 2514 680 2538 ‘

370 2551 392 2559 .-
407 2549 431 2560 -
446 2529 497 2560 W
552 2529 603 2560 W
662 2551 686 2561 -
701 2532 923 2562 ------

362 2611 490 2681 Ὕλλον
512 2638 548 2680 τε
571 2616 629 2680 καὶ
651 2616 818 2701 Αἰγιμιοῦ
840 2615 993 2702 Δωριεὺς
1017 2613 1130 2683 ἐλθὼν
1153 2617 1298 2704 στρατός
1317 2671 1324 2682 .
1349 2671 1355 2681 .
1381 2673 1387 2683 .

282 2721 387 2806 Saepe
409 2723 493 2788 inter
515 2722 598 2788 tales
621 2743 733 2790 versus
756 2723 1013 2809 interpungitur;
1048 2730 1123 2790 sunt
1145 2733 1271 2806 antem,
1297 2723 1333 2789 in
1357 2727 1438 2810 qui-

282 2825 342 2888 bus
365 2824 544 2898 sententiae
566 2844 707 2891 conexus
729 2826 909 2892 attissimus
933 2827 986 2908 sit,
1013 2847 1041 2892 a.
1068 2847 1101 2911 g.
1127 2826 1167 2891 fr.
1195 2829 1246 2908 81,
1276 2831 1315 2890 3:

371 2944 784 3030 ,,,.ὐ-.-.’.υ[,-’ρ
809 2947 1152 3011 -.ΗΝ-ωηι,

374 3099 379 3110 .
401 3098 408 3112 .
431 3096 437 3110 .
456 3040 576 3132 οὐγὰρ
593 3046 682 3124 εἰκὸς
698 3055 764 3115 τῶν
780 3047 907 3116 ἐόντων
927 3051 930 3117 i
953 3043 1203 3134 ἁρπαζομένων
1218 3047 1315 3136 παρά
1334 3101 1341 3113 .
1366 3105 1372 3116 .
1398 3105 1404 3116 .
1429 3105 1436 3118 .

282 3148 320 3213 fr.
351 3153 428 3215 146:

368 3270 624 3333 ,Η-ὐυμὲ
649 3271 652 3353 i
678 3273 863 3336 ..ὐηΙ

368 3424 374 3436 .
397 3424 403 3437 .
427 3427 432 3438 .
453 3367 511 3440 ὅτε
534 3382 700 3461 κεραυνοῦ
724 3377 727 3458 j
753 3371 896 3459 ἄγχιστα
921 3427 926 3439 .
950 3425 955 3438 .
979 3427 984 3438 .
1009 3427 1014 3438 .
1042 3374 1133 3455 ἕζεαι

365 3478 525 3564 Epitritus
549 3487 745 3564 syncopatos
767 3479 800 3544 in
824 3486 965 3546 extremo
988 3499 1102 3562 versu,
1136 3499 1230 3562 quem
1255 3481 1434 3550 reiecimns

280 3579 310 3644 P
335 3581 350 3646 l
374 3589 429 3647 str.
456 3583 486 3660 2,
514 3585 543 3664 3,
571 3581 767 3668 deprehendi
791 3581 920 3648 videtur
941 3583 980 3648 fr.
1007 3585 1085 3647 222:

386 3685 726 3754 Led--.LQLL'J
747 3701 1339 3786 Λρέυμέυυ..υυ--.ὐυ-

385 3815 497 3868 κεῖνον
520 3797 561 3870 οὐ
584 3801 644 3890 σὴς
667 3796 745 3869 οὐδὲ
768 3804 820 3880 τὶς
844 3801 981 3886 δάπτει,
1011 3805 1014 3890 l
1040 3801 1210 3887 δάμναται
1226 3805 1263 3870 δὲ
1279 3810 1435 3890 βροτέαν

692 3911 801 3993 φρένα
825 3904 1006 3994 κάρτιστον
1029 3905 1189 3974 κτεάνων.

346 4167 369 4226 ’t
392 4165 462 4220 Num
488 4163 644 4234 fragmenta
668 4165 822 4235 quaedam,
850 4181 922 4236 quac
947 4167 1010 4220 oola
1035 4167 1141 4222 rariora
1164 4167 1319 4234 praebent,
1349 4179 1433 4227 recte

276 4250 381 4306 tradita
406 4251 477 4316 sint,
506 4250 622 4307 dubium
648 4259 708 4316 ost,
734 4253 879 4322 quianon
903 4254 985 4308 metri
1011 4253 1062 4308 sod
1087 4252 1245 4308 sententiae
1271 4267 1363 4310 causa
1390 4261 1433 4313 ci-

277 4343 380 4390 tantur.
