3248 4928
644 434 686 442 —
733 398 819 480 [407]
867 434 909 442 -
1140 441 1143 447 .
1302 398 1343 458 ee

208 578 360 669 Σάτυρος
381 580 460 659 τοὺς
486 590 546 649 τοῦ
568 586 786 668 Πτολεμαίου
807 623 850 634 -
871 589 1023 672 περιέχει
1051 605 1092 650 ex
1120 585 1151 648 ΙΙ
1176 587 1193 646 7
1224 584 1345 651 ducunt

208 685 375 770 originem.
422 687 508 753 Vitia
529 687 673 754 Endoeie
700 689 803 756 multe
831 709 902 756 curn
925 689 1048 754 Veneto
1077 688 1266 772 apologetae
1290 707 1343 753 co-

208 788 280 854 dioe
303 791 484 856 communie
505 790 611 873 habet,
639 793 733 878 plura
756 813 827 858 cum
843 793 1018 860 recentiore
1034 790 1220 858 Bodleiano.
1262 784 1344 856 Ἀλ-

208 891 325 979 σιυόηυ
346 893 474 960 violarii
494 895 612 980 codex,
645 897 689 962 ib.
721 916 820 982 cupre
849 889 959 964 vocem'
982 898 1068 979 μέγα
1092 895 1210 961 lineola
1231 893 1344 960 addita

207 1015 322 1063 nomen
343 997 506 1084 proprium
529 999 700 1084 significat.

294 1203 311 1288 §
336 1207 366 1269 3.
407 1206 692 1272 PHILOSTRATI
723 1207 860 1272 vitemm
883 1214 1025 1274 veterem
1047 1205 1219 1274 editionem
1243 1204 1345 1271 videri

207 1315 335 1390 praesto
365 1308 465 1376 luisse
488 1310 652 1378 Eudooiae
680 1330 779 1396 supra
802 1333 834 1396 p.
861 1313 901 1374 70
924 1309 1002 1376 disi.
1049 1309 1144 1377 Unde
1173 1329 1256 1394 quae
1285 1329 1343 1394 pe-

207 1410 267 1476 tita
288 1411 362 1496 sint,
388 1413 482 1480 docet
501 1415 602 1482 l'lach
626 1437 657 1500 p.
679 1417 718 1478 19
730 1433 779 1497 sq.
825 1414 864 1480 In
878 1413 1076 1480 Athenoderi
1090 1413 1159 1480 vita
1173 1434 1206 1497 p.
1222 1417 1259 1478 51
1278 1433 1344 1478 uou

208 1515 316 1580 omnia
337 1515 412 1584 iude
433 1519 476 1584 ab
498 1515 571 1583 ἔστι
591 1519 649 1582 καὶ
672 1517 785 1604 ἕτερος
807 1517 945 1584 eSuida
965 1517 1166 1602 proveniunt,
1192 1516 1250 1582 sed
1273 1515 1345 1580 ἔστι

206 1653 249 1664 -
271 1623 548 1708 θαυματουργοῦ.
596 1622 734 1705 Reliqua
756 1641 775 1688 e
797 1621 881 1686 Phil.
908 1622 963 1688 vit.
989 1623 1022 1686 Π
1045 1625 1085 1688 33
1108 1628 1228 1688 temere
1250 1619 1341 1685 illata

206 1728 289 1788 sunt.
330 1721 343 1808 ΙΙ
379 1724 492 1790 Dionis
521 1724 588 1792 vita
614 1725 730 1792 mendo
756 1723 989 1811 typographico
1017 1725 1105 1810 apud
1126 1722 1292 1789 Flechium
1323 1741 1341 1788 e

206 1824 288 1889 Phil.
316 1827 371 1893 vit.
390 1829 441 1894 19
463 1827 561 1896 ducta
582 1847 655 1896 esse
677 1828 804 1912 dicitur,
830 1849 901 1894 eum
925 1828 967 1894 sit
988 1827 1059 1894 erl
1076 1832 1106 1892 7.
1139 1829 1153 1912 ΙΙ
1181 1826 1341 1893 Euodiani

206 1927 305 1992 vitam
335 1937 370 1996 ut
399 1951 431 2016 p.
461 1935 520 1996 164
549 1939 648 1998 totern
678 1933 803 1999 ePhil.
828 1931 885 1998 vit.
910 1931 942 1998 Π
968 1935 1007 1996 16
1035 1931 1133 1998 sumit
1158 1929 1262 2011 Eud,
1294 1929 1341 1996 ita

205 2030 302 2096 etiarn
324 2032 451 2100 initium
473 2073 516 2084 -
539 2033 575 2102 ἐν
593 2029 717 2121 Ῥώμῃ,
744 2035 830 2119 quod
851 2035 1008 2101 immerito
1031 2034 1194 2119 Hesychio
1214 2033 1341 2100 Milesio

204 2134 315 2202 tribuit
335 2137 446 2204 Flach.
495 2139 579 2205 Nem
607 2139 694 2224 quod
724 2160 743 2206 e
765 2137 950 2204 Philostrati
978 2139 1085 2204 verbis
1112 2144 1342 2226 πανηγυρικῆς

206 2235 298 2314 ἰδέας
331 2233 444 2326 ἥψατο
474 2242 617 2310 Eudccia
646 2243 745 2310 efficit
773 2241 902 2328 ἔγραψε
936 2238 1150 2328 πανηγυρικὰ
1184 2242 1337 2322 πλεῖστα,

203 2363 267 2409 uon
300 2353 350 2412 est
381 2346 467 2431 quod
499 2346 661 2413 miremur.
708 2347 806 2413 Recte
840 2345 925 2412 enim
955 2345 1083 2430 Kayser
1115 2345 1149 2411 in
1182 2345 1234 2412 ed.
1260 2347 1336 2410 Tur.

205 2467 345 2532 prooem.
371 2472 404 2536 p.
430 2449 616 2516 Iadnotat:
647 2449 811 2516 »Eudocia
833 2449 935 2516 multa
957 2469 998 2515 ex
1020 2449 1080 2516 hoc
1102 2449 1183 2516 libro
1204 2449 1239 2514 in
1261 2447 1336 2514 viel.

202 2554 380 2636 transtulit,
411 2553 570 2621 interdurn
599 2553 804 2621 festinantius
831 2573 950 2638 egeus,
983 2575 1012 2620 e.
1037 2575 1070 2638 g.
1097 2573 1169 2620 cum
1191 2553 1341 2620 Antiochi

203 2663 235 2721 et
257 2657 454 2724 Athenodori
473 2659 558 2726 vitas
579 2659 762 2726 commiscet
783 2680 816 2744 p.
842 2663 902 2740 58,
936 2665 991 2724 aut
1012 2657 1207 2742 Hermogeni
1229 2657 1340 2723 tribuit

204 2759 347 2846 Philagri
368 2763 512 2847 epitheta
533 2760 700 2850 σοφιστὴν
721 2761 833 2828 disens
857 2757 1108 2843 ἑπιχυλώτατου
1129 2762 1186 2825 καὶ
1208 2757 1337 2848 θερμό-

203 2887 306 2931 τατον
328 2887 360 2950 p.
382 2871 471 2932 165.«

289 3073 306 3157 §
323 3079 354 3138 4.
380 3074 429 3138 Ex
443 3073 637 3140 moesus
652 3073 839 3140 LAERTIO
854 3092 938 3156 quae
954 3091 1055 3156 usque
1067 3071 1110 3138 ed
1122 3072 1260 3139 litteram
1270 3073 1334 3156 El)

202 3177 346 3244 Eudoeic
367 3178 546 3263 excerpsit,
573 3184 779 3244 recensentur
800 3175 887 3262 apud
909 3176 1077 3242 Flachium
1101 3197 1133 3262 p.
1159 3179 1212 3241 22.
1259 3176 1339 3261 lipi-

202 3281 364 3348 meuidcm
386 3301 419 3367 p.
449 3285 509 3346 150
539 3303 558 3348 e
581 3282 652 3348 cod.
678 3282 750 3346 Par.
778 3283 862 3346 2600
892 3281 1058 3366 provenire
1089 3301 1188 3366 supra
1213 3281 1255 3365 (p.
1283 3283 1333 3365 55)

200 3385 304 3452 docui.
353 3385 517 3452 Hermicm
540 3405 573 3469 p.
596 3387 655 3450 193
679 3404 735 3450 cur
756 3405 775 3450 e
798 3383 892 3468 Diog.
919 3385 978 3450 Vl
1004 3383 1091 3452 dicat
1112 3383 1337 3470 depromptum

110 3539 111 3543 η
201 3489 414 3572 ossellam,
443 3488 692 3571 nonintellego.
739 3489 798 3554 Est
819 3487 903 3554 enim
927 3507 946 3553 e
968 3487 1071 3554 Suida
1092 3487 1209 3554 Aldine
1236 3479 1333 3572 (παρ’

194 3589 421 3678 Ἀριστοτέλει
436 3591 556 3658 Suidae
572 3591 657 3674 libri,
684 3585 772 3675 παρ’
791 3586 1042 3678 Ἀριστοτέλους
1060 3590 1145 3658 Med.
1165 3591 1238 3656 Ald.
1258 3591 1333 3656 Bas.

200 3697 366 3782 α1Εα11.1.
413 3697 585 3762 Praeterea
612 3695 840 3762 nominandum
870 3703 940 3764 erat
961 3695 1002 3761 de
1025 3695 1171 3780 Diogene
1200 3694 1335 3780 physico

199 3809 296 3887 ceput
324 3823 356 3886 p.
386 3803 442 3865 137
475 3799 610 3882 eDiog.
637 3799 673 3864 L.
699 3799 744 3866 VI
767 3802 803 3882 2,
830 3803 868 3866 81
901 3807 934 3865 et
962 3799 1008 3864 IX
1030 3803 1061 3878 9,
1088 3801 1128 3862 57
1159 3805 1332 3883 sumptum.

202 3905 268 3970 Usa
297 3912 404 3970 autem
434 3910 484 3968 est
505 3902 649 3969 Eudocie
670 3903 826 3989 Diogenis
848 3903 988 3970 editione
1010 3903 1111 3988 princ.
1136 3923 1157 3968 a
1179 3901 1336 3968 l'robeuio

203 4017 236 4074 et
263 4009 397 4075 Nicolao
420 4005 590 4092 Episcopio
619 4007 777 4092 impressa
799 4007 900 4073 Basil.
930 4009 1028 4086 1533,
1060 4007 1151 4072 cuius
1179 4005 1256 4072 vitia
1287 4006 1337 4072 vel

270 4251 294 4315 *l
315 4248 473 4304 Notandum
492 4255 536 4304 est
554 4265 644 4319 neque
663 4265 679 4302 e
697 4249 782 4316 Diog.
802 4249 833 4302 L.
855 4263 944 4318 neque
962 4265 978 4302 e
995 4247 1167 4304 Philostrato
1189 4247 1335 4317 quicquam

199 4337 273 4404 apud
291 4335 444 4390 Eudociam
464 4335 579 4404 reperiri
598 4335 670 4389 ultra
688 4335 808 4388 litteram
830 4333 861 4386 Ε.
