3226 4932
623 477 666 488 -
712 442 797 525 [ass]
844 477 888 488 -
1288 443 1329 504 sa

187 631 407 696 demonstrant
420 628 671 715 praepositiones
687 627 783 716 παρά
802 631 887 716 (bis),
913 636 994 716 περί
1013 632 1097 717 (bis),
1126 628 1221 713 κατά,
1245 633 1326 695 ποτέ

187 739 220 798 οῖ
241 733 419 799 ooniunetio
442 726 494 797 liu
522 732 590 818 (bis)
623 733 658 798 in
687 734 775 801 exitu
796 735 939 820 positae,
973 753 1085 801 versus
1107 734 1170 800 fine
1193 734 1234 798 ab
1257 733 1323 798 illis

187 836 354 902 vocabulis
377 842 559 921 separatae,
586 855 658 902 eum
681 837 797 920 quibus
819 847 888 904 arte
911 838 1116 904 cohaereant.
1162 836 1246 902 Nam
1270 836 1324 901 ubi

188 939 258 1005 eiua
288 938 374 1004 modi
403 938 562 1005 voeabula
589 939 622 1004 in
652 940 716 1006 fine
746 960 858 1007 versus
887 942 962 1027 poni
991 948 1141 1026 possunt,
1172 938 1325 1025 temporis

189 1043 345 1127 spatium,
378 1041 463 1124 quod
492 1061 594 1124 usque
623 1044 666 1110 ad
693 1043 820 1109 initium
850 1063 962 1111 versus
988 1043 1152 1128 sequentis
1174 1042 1323 1121 desumit,

189 1145 372 1212 necessario
394 1144 618 1211 brevissimum
642 1153 707 1227 est3
741 1155 773 1213 et
794 1167 865 1214 eum
888 1149 921 1214 in
945 1149 992 1215 ets
1015 1148 1109 1228 loeis,
1142 1146 1198 1212 ubi
1220 1145 1326 1212 exitus

190 1247 352 1333 perlectus
374 1247 537 1332 legitimus
560 1257 624 1330 est,
657 1250 757 1317 multo
787 1251 887 1316 rarior
909 1252 951 1317 sit
971 1259 1037 1318 tam
1060 1257 1131 1317 arta
1153 1249 1326 1316 cohaeren-

188 1353 235 1416 tia
257 1351 483 1416 vocabulorum
507 1371 620 1418 versus
642 1351 706 1418 tine
728 1353 956 1438 dirempturum
984 1351 1225 1436 (nam0V153
1251 1345 1324 1415 ἀλλ’

192 1453 228 1519 ἒν
252 1455 254 1529 J
280 1457 447 1537 κέκρυπτο
470 1451 533 1539 γὰρ
557 1459 680 1539 σχοίνῳ
707 1463 739 1521 et
761 1456 925 1540 singulare
947 1463 997 1522 est
1018 1463 1051 1523 et
1072 1457 1207 1522 fortasse
1230 1474 1328 1521 exeu-

192 1563 358 1636 satureo,
392 1557 477 1639 quod
506 1577 618 1624 versus
642 1563 682 1622 54
706 1560 747 1624 ab
770 1558 834 1624 arsi
855 1558 998 1643 incipit),
1031 1566 1151 1624 eertum
1180 1565 1229 1624 est
1259 1558 1328 1624 exi-

192 1667 257 1725 tum
285 1659 506 1744 imperfectum
536 1661 582 1726 ibi
609 1662 713 1728 looum
743 1660 879 1742 habere,
913 1659 968 1726 ubi
990 1681 1108 1746 pausa,
1141 1682 1224 1745 quae
1246 1663 1329 1727 inter

193 1781 305 1828 versus
329 1781 401 1828 esse
424 1761 529 1842 deber,
557 1785 658 1849 parva
680 1771 740 1830 est.
776 1763 891 1829 Exitus
913 1772 1020 1830 antem
1042 1765 1248 1849 imperfectus
1270 1783 1329 1828 na-

193 1875 264 1932 tura
286 1886 346 1932 sua
368 1865 553 1951 aptissimus
576 1874 626 1933 est
647 1866 691 1933 ad
712 1874 815 1933 artum
837 1885 988 1932 versuum
1012 1887 1167 1934 conexum
1185 1866 1329 1933 efficien-

194 1969 280 2034 dum.
329 1966 355 2033 0
378 1969 409 2034 X
432 1972 472 2034 20
496 1989 524 2035 e.
550 1989 582 2054 g.
608 1990 679 2036 eum
703 1977 798 2036 exeat
818 1971 852 2036 in
874 1971 996 2054 thesin,
1031 1971 1193 2056 proximus
1222 1976 1328 2034 autem

192 2091 305 2138 versus
327 2072 460 2158 incipiat
480 2073 521 2138 ab
544 2073 609 2138 arsi

250 2179 1277 2278 „Lem-wa!''uLwffl-[[Ow-ur-Lw!

245 2294 368 2381 θήξαις
393 2295 429 2360 δέ
451 2320 487 2360 κε
503 2288 605 2382 φύντ’
624 2289 727 2382 ἀρετᾷ
742 2301 824 2360 ποτί
844 2297 854 2383 ss
876 2293 1044 2383 πελώριον
1065 2289 1214 2380 ὁρμάσαι
1237 2293 1331 2368 κλέος

608 2391 690 2485 ἀνὴρ
714 2403 800 2464 θεοῦ
823 2395 884 2465 σὺν
906 2397 1060 2484 παλάμᾳ,

196 2503 283 2568 loeus
306 2522 427 2587 pausae
451 2502 656 2586 errhythmae
679 2521 741 2568 uon
765 2510 823 2586 est,
850 2522 933 2586 quae
955 2499 1067 2568 versus
1083 2503 1177 2568 finem
1194 2501 1330 2566 auditori

196 2605 381 2671 sensibilem
404 2604 529 2670 reddat.
570 2605 619 2670 Ne
641 2605 740 2689 igitur
761 2625 863 2691 pausa
885 2605 1073 2690 arrhythma
1094 2604 1193 2671 verba
1216 2604 1332 2669 oohae-

197 2709 299 2776 rentia
315 2708 481 2788 distrahat,
508 2707 636 2792 syllaba
659 2708 773 2774 ultima
794 2729 858 2774 non
880 2709 923 2774 ad
944 2709 1074 2774 theseos
1096 2714 1222 2792 tempus
1250 2708 1281 2786 li.
1300 2728 1328 2772 e.

196 2813 278 2878 dues
300 2815 416 2896 moras)
445 2811 644 2890 extenditur,
678 2811 736 2877 sed
766 2813 863 2896 paulo
886 2819 960 2877 ante
983 2831 1078 2895 quam
1101 2809 1239 2876 debebat
1261 2809 1332 2874 fini—

196 2924 256 2995 tur,
283 2915 316 2981 id
339 2914 423 2998 quod
446 2914 529 2980 notis
552 2915 599 2979 sio
620 2913 688 2980 fere
711 2915 846 3000 exprimi
869 2922 990 2999 potest:

486 3033 1046 3120 ,Πω-ὐύκΙλυ-ὐαη,
1132 3090 1133 3094 ¹

524 3130 627 3222 ἀρετᾷ
649 3141 735 3201 ποτῖ
751 3136 761 3222 ΙΙ
783 3133 951 3222 πελώριον
975 3188 981 3200 .
1005 3187 1011 3200 .

284 3259 371 3323 Haeo
398 3277 496 3322 eausa
518 3277 590 3322 esse
613 3257 740 3323 videtur
761 3256 975 3339 frequentium
997 3255 1140 3322 exituum
1162 3256 1332 3340 imperfec-

197 3369 298 3426 torum
321 3361 354 3425 in
377 3359 403 3426 0
426 3359 473 3436 X;
500 3379 574 3424 nam
598 3367 654 3424 str.
674 3362 703 3442 2,
730 3365 761 3442 4,
789 3363 819 3440 6,
845 3379 896 3445 ep.
920 3362 949 3442 3,
978 3365 1006 3440 5,
1034 3362 1052 3424 8
1076 3359 1238 3445 proximus
1261 3380 1333 3426 ver-

198 3485 253 3530 sus
276 3463 388 3548 inoipit
410 3463 451 3528 ab
475 3462 548 3543 arsi,
577 3461 635 3528 sed
658 3482 710 3547 ep.
737 3465 756 3524 2

970 3559 976 3577 Ι

343 3580 1193 3666 υ.’..υυ-υυ·ΞΛρΙέ-ὢυμωυι,,,,,

199 3695 345 3770 Λοκρῶν
368 3681 570 3771 ἀμφέπεσον
591 3686 702 3766 μέλιτι
723 3683 732 3770 ll
755 3678 899 3767 εὐάνορα
922 3682 1025 3749 πόλιν
1047 3688 1332 3769 καταβρέχων...

200 3808 253 3872 nbi
276 3814 350 3873 sunt
374 3807 420 3888 tl,
448 3805 520 3882 ihr,
552 3805 623 3884 lih,
659 3803 772 3869 eadem
802 3823 901 3870 eausa
930 3823 993 3869 uon
1021 3803 1124 3870 adest.
1173 3805 1242 3870 Nee
1265 3827 1332 3870 ma-

199 3912 249 3994 gis
273 3908 299 3976 0
323 3909 404 3973 XIII
426 3928 477 3992 ep.
504 3915 534 3988 4,
561 3908 616 3973 ubi
641 3912 698 3992 tp,
725 3907 796 3986 tlh,
824 3914 856 3971 et
878 3906 907 3972 P
931 3907 974 3970 IV
997 3927 1047 3992 ep.
1078 3911 1091 3970 1

379 4026 701 4113 ,Πιοειρι
735 4047 758 4072 e
794 4063 816 4072 -
852 4063 873 4072 -
908 4027 1051 4091 -'....

379 4131 1024 4216 ··‚Lv!,al'.'.w-w--.'

200 4236 264 4302 Sed
280 4237 332 4301 hio
353 4254 480 4318 quoque
503 4233 627 4301 0XIII
642 4237 682 4298 98
706 4253 856 4299 versuum
873 4233 1042 4300 confinium
1066 4230 1152 4297 κατά
1176 4234 1178 4318 l
1201 4226 1334 4298 Ἑλλάδ’

199 4339 319 4404 indicat
341 4346 409 4404 arte
432 4338 602 4404 cohaerere
626 4357 749 4402 versus.
797 4337 889 4403 Unde
913 4343 1162 4403 consentaneum
1185 4345 1233 4402 est
1256 4357 1338 4420 pau—
