3226 4932
287 415 328 474 or
726 445 765 456 -
814 409 898 493 [aas]
946 446 988 455 -

291 619 360 666 sam
383 597 602 683 errhythmam
624 617 688 664 non
711 599 820 682 magni
842 597 994 664 momenti
1016 616 1109 677 esse,
1141 616 1211 663 cum
1241 595 1432 662 admittatur

289 703 373 768 inter
393 701 662 788 praepositionem
685 707 717 768 et
739 701 985 768 substantivum.

376 804 499 884 Quibus
521 806 618 871 rebus
639 803 853 871 consideratis
875 804 1037 872 conclusio
1060 809 1170 870 nostra
1184 803 1273 870 baec
1295 809 1360 868 est:

375 907 414 973 In
442 907 531 973 exitu
561 907 701 974 omnium
723 927 873 974 versuum
895 927 1000 992 pausa
1021 907 1075 990 fit,
1107 927 1181 972 nam
1205 905 1312 972 hiatus
1334 904 1431 972 aliter

290 1009 446 1095 explicari
474 1010 596 1093 nequit.
650 1009 741 1088 Quae
769 1030 873 1095 pausa
900 1011 1088 1096 arrhythma
1115 1027 1251 1095 pausam
1279 1007 1431 1094 errhyth-

289 1133 391 1194 mam,
425 1113 452 1178 si
481 1113 582 1179 thesis
611 1111 717 1179 thesin
744 1113 780 1178 in
808 1132 958 1180 versuum
986 1112 1121 1180 confinio
1144 1111 1303 1195 seqnitur,
1335 1111 1369 1176 in
1393 1131 1429 1178 se

290 1216 413 1301 recipit.
461 1218 544 1282 Ante
565 1236 701 1300 pansam
724 1217 852 1300 syllaba
874 1216 1003 1296 ultima,
1036 1236 1119 1300 quae
1148 1215 1266 1282 autin
1296 1215 1428 1298 longam

288 1319 432 1384 vocalem
454 1319 564 1384 autin
588 1329 816 1386 consonantem
840 1320 928 1387 exire
950 1320 1042 1403 solet,
1070 1319 1198 1386 theseos
1220 1325 1347 1403 tempus
1370 1337 1430 1383 ex-

289 1422 378 1506 plere
407 1429 439 1488 et
467 1421 603 1488 fortasse
631 1425 764 1508 paulum
794 1423 927 1509 produci
957 1423 1049 1490 solet.
1103 1421 1186 1488 Sunt
1212 1428 1322 1488 tamen
1352 1419 1426 1502 loci,

291 1525 345 1589 ubi
368 1545 408 1590 ex
424 1525 530 1591 causis
553 1525 700 1610 sortasse,
728 1547 810 1609 quac
833 1547 874 1592 ex
896 1525 993 1592 ductu
1015 1524 1175 1592 melodiae
1203 1524 1265 1608 (vel
1288 1531 1322 1589 ut
1344 1524 1431 1590 anti-

289 1628 345 1712 qui
375 1627 486 1694 dixerc
516 1629 710 1714 harmoniae)
748 1629 956 1714 proveniunt,
997 1628 1103 1696 exitus
1136 1628 1230 1694 aliter
1261 1634 1428 1694 tractatur.

178 1736 181 1742 ’
289 1731 340 1797 Ibi
362 1732 478 1816 longae
500 1733 629 1798 vocales
650 1733 684 1798 in
706 1733 821 1798 ultima
842 1751 955 1798 versus
978 1731 1107 1816 syllaba
1128 1751 1220 1797 rarae
1243 1739 1327 1812 sunt,
1353 1731 1432 1830 poni

290 1841 398 1901 autem
427 1836 532 1902 solent
558 1837 674 1902 breves
696 1836 734 1901 in
753 1843 978 1901 consonantem
1001 1841 1156 1901 exeuntes
1179 1833 1342 1918 syllabae,
1375 1835 1430 1898 vel

290 1939 386 2004 etiam
409 1939 525 2005 breves
545 1939 579 2004 in
601 1939 746 2005 vocalem
768 1945 934 2004 exeuntes.
981 1937 1172 2004 Huiusmodi
1202 1937 1282 2001 locis
1311 1935 1432 2002 cohae-

289 2042 394 2108 rentia
425 2042 593 2109 verborum
627 2040 824 2107 demonstrat
856 2040 1092 2106 cohaerentiam
1126 2039 1268 2123 rhythmi
1301 2059 1432 2122 quoque

289 2145 437 2210 artiorem
474 2165 558 2212 esse.
612 2144 703 2223 Quae
738 2143 943 2209 cohaerentia
971 2143 1017 2208 ita
1046 2142 1198 2224 eflicitur,
1236 2149 1271 2207 ut
1300 2141 1433 2225 syllaba

289 2247 402 2313 ultima
424 2267 553 2330 versus,
586 2267 669 2331 quac
699 2246 860 2328 ceteroqui
889 2246 984 2312 unius
1013 2247 1141 2312 theseos
1170 2251 1296 2329 tempus
1319 2245 1433 2330 explet

287 2351 339 2416 vel
369 2358 517 2435 superat,
550 2350 678 2416 brevius
706 2357 834 2434 tempus
864 2355 998 2433 occupet
1030 2347 1265 2428 (conferendum
1299 2355 1349 2412 est
1371 2367 1432 2412 no-

290 2461 389 2519 strum
412 2458 606 2538 romonem]
641 2461 673 2519 et
701 2471 804 2538 pausa
826 2453 923 2538 paulo
946 2451 1035 2536 prius
1061 2470 1155 2532 quarn
1180 2449 1319 2515 debebat
1346 2449 1433 2515 inci·

288 2558 367 2641 piat.
414 2558 554 2623 Pansam
583 2563 690 2622 autem
719 2555 788 2621 ficri
817 2554 1053 2639 arrhythmam,
1089 2553 1216 2618 etiamsi
1239 2551 1343 2618 exitus
1366 2553 1432 2617 irn-

289 2660 450 2744 perfeotus
479 2660 521 2727 sit
549 2667 581 2726 et
609 2659 766 2726 vocabula
795 2665 863 2724 arte
894 2658 1104 2738 cohaereant,
1139 2655 1359 2740 cognoscimus
1388 2675 1431 2720 ex

287 2763 377 2829 hiatu
399 2764 455 2847 qni
477 2763 612 2830 occurrit
633 2763 666 2828 in
689 2761 785 2844 locis,
821 2761 934 2843 quales
957 2767 1031 2826 sunt
1060 2756 1086 2823 0
1109 2759 1140 2824 X
1166 2763 1237 2841 104,
1263 2756 1293 2822 P
1315 2757 1349 2820 X
1373 2760 1428 2838 69,

287 2867 314 2931 N
336 2867 364 2930 V
388 2869 443 2930 46:

632 2965 1078 3051 ...λυὲΗυζ-αυυ,

604 3123 610 3135 .
633 3123 638 3134 .
661 3065 709 3134 ,ἅ
732 3069 847 3154 retrusit
871 3062 1094 3134 ἀναιδέα...

669 3172 1053 3260 ...ΛΗ-έν...

679 3329 685 3342 .
708 3329 713 3341 .
736 3329 742 3341 .
762 3271 815 3340 ὅτι
836 3277 845 3360 li
867 3269 961 3360 ὑψοῦ

665 3378 1050 3464 ..ΛΜΗ-έν,Η

676 3475 813 3547 ...ὅτι
834 3481 843 3568 ll
867 3479 1077 3545 ἐσλοῖσι...

372 3591 483 3656 Altera
505 3595 612 3655 autem
636 3585 780 3670 quaestio
803 3583 884 3650 haec
907 3590 974 3666 est,
1001 3601 1056 3647 cur
1080 3585 1119 3644 75
1143 3581 1284 3645 exituum
1308 3579 1433 3663 imper-

287 3695 451 3775 fectorum,
477 3713 556 3775 quos
571 3690 774 3774 agnovimus,
801 3694 866 3753 tres
883 3686 943 3751 soli
964 3683 1039 3752 011
1057 3686 1117 3747 110
1134 3679 1284 3762 δύναιτο,
1313 3679 1430 3747 1v111

288 3803 326 3862 15
350 3801 539 3882 τραφέντα,
573 3797 612 3858 35
636 3803 776 3874 τυχοῖσα
800 3790 878 3856 certi
907 3789 940 3854 in
970 3787 1057 3853 exitu
1087 3785 1240 3851 feminino
1263 3783 1342 3864 sint,
1377 3785 1431 3850 in-

285 3902 362 3967 certi
391 3901 453 3966 duo
484 3897 611 3966 0164
643 3890 834 3979 ἀμβροσίαν
865 3915 915 3971 τε,
951 3889 1054 3955 IVII
1077 3891 1117 3952 33
1141 3881 1354 3972 Ἀμφιάρηόν
1376 3911 1425 3952 τε.

285 4005 375 4084 Quae
404 4023 456 4069 res
483 4023 546 4067 non
575 4000 651 4066 inde
682 3995 837 4082 explicari
865 4001 986 4080 potest,
1024 3991 1108 4076 quod
1142 3990 1246 4056 exitus
1279 3990 1429 4055 feminini

284 4107 411 4174 omuino
435 4105 498 4171 rari
522 4104 639 4170 sintin
663 4099 824 4186 epinioiis‚
859 4097 953 4163 tertia
983 4095 1067 4161 enim
1090 4112 1165 4178 pars
1188 4092 1328 4158 omnium
1352 4112 1429 4158 ver-

284 4232 377 4277 suum
393 4208 581 4275 femininum
597 4205 719 4272 exitum
734 4202 842 4267 habet.
883 4201 987 4282 htque
1003 4197 1177 4264 carminum
1195 4193 1221 4262 0
1238 4195 1269 4260 X
1288 4203 1322 4260 et
1337 4193 1367 4259 P
1384 4195 1425 4275 V,

282 4315 398 4398 quibus
428 4310 590 4377 maximus
612 4325 764 4372 numerus
787 4303 928 4369 exituum
952 4300 1209 4386 imperfectorum
1234 4297 1427 4380 continetur,
