3226 4932
599 433 642 441 -
689 395 774 476 [aad
823 433 864 442 -
1280 399 1299 460 a

168 607 223 653 nac
244 594 353 652 tamen
375 606 415 651 ex
438 585 518 670 ipsis
536 585 686 665 sontibus,
715 586 773 651 scd
796 585 1009 652 ePhavorino
1025 591 1180 669 sumptae.
1217 586 1300 650 Nam

168 692 270 776 siquid
292 691 348 756 ille
371 690 404 756 in
427 689 560 755 fontium
590 697 680 756 textu
710 697 828 772 mutat,
865 710 927 756 non
957 710 1028 754 cum
1056 689 1122 754 illis
1146 689 1297 772 Eudocia,

168 795 222 861 aad
245 816 317 861 oum
341 794 520 859 Pbaverinc
543 794 715 873 consentin
749 801 918 880 praeterea
938 793 1081 878 integros
1104 792 1208 860 fontes
1231 794 1297 878 illc,

167 901 196 966 in
212 898 434 985 compendium
458 897 604 964 redactos
624 897 754 964 exbibet
768 898 895 964 violarii
909 905 1029 964 auctor.
1062 897 1201 962 Primam
1224 919 1301 983 par-

166 1009 228 1068 tem
257 1003 353 1068 babet
381 1001 581 1068 Pbavorinue
603 1024 635 1088 p.
660 1004 718 1066 271
744 1001 930 1085 ibidemque
960 1001 1144 1067 coniunctae
1173 1001 1298 1068 tertiam

167 1113 197 1174 et
218 1113 383 1190 quartam;
410 1106 512 1172 altera
534 1105 620 1191 apud
643 1105 779 1172 eundem
803 1111 892 1172 extat
913 1127 945 1190 p.
965 1109 1039 1170 269.

251 1215 281 1276 3.
315 1212 404 1298 Περὶ
431 1219 492 1278 τοῦ
521 1210 662 1297 δέρατος
690 1217 750 1277 τοῦ
776 1208 1024 1298 χρυσομάλλου.
1063 1209 1146 1276 Eud.
1172 1233 1204 1296 p.
1226 1213 1297 1275 108.

166 1318 275 1384 Partes
297 1319 428 1402 glossae
451 1323 525 1384 sunt
546 1317 623 1382 bae:
658 1320 687 1402 a)
709 1316 809 1404 δέρας
824 1355 865 1364 -
887 1314 1004 1403 Κριόν.
1030 1317 1137 1382 Schol.
1157 1317 1218 1401 Ap.
1237 1316 1298 1382 Rh.

167 1421 219 1505 IV,
247 1423 318 1486 177.
359 1421 372 1506 ΙΙ
406 1421 435 1507 b)
465 1421 521 1486 καὶ
550 1421 650 1508 δέρας
680 1460 720 1468 -
752 1418 932 1506 ἐνέργειαν.
980 1421 1122 1486 Zonaras
1149 1441 1179 1504 p.
1201 1423 1274 1484 484.
1293 1421 1301 1505 λ
1348 1445 1358 1470 ·

167 1529 190 1609 ο)
218 1525 275 1590 καὶ
297 1523 470 1612 χάραξ-
493 1530 589 1613 φησί.
628 1527 720 1592 Euat.
745 1525 788 1591 ad
810 1525 944 1610 Dionys.
976 1525 1049 1591 Per.
1069 1527 1142 1589 689.
1197 1525 1300 1607 Atque

166 1631 367 1698 Eucmthium
397 1631 527 1714 quidem
553 1631 660 1716 ipsum
689 1629 824 1696 excribit
849 1629 1002 1694 Endccia.
1051 1630 1142 1708 Quae
1169 1649 1301 1714 praece-

166 1735 253 1818 dunt,
287 1735 460 1801 Pbavorini
482 1735 533 1802 ed.
559 1734 738 1800 Basileenai
760 1755 793 1818 p.
812 1737 874 1798 469
898 1732 1008 1799 deberi
1039 1753 1110 1798 cnm
1136 1732 1212 1798 inde
1242 1754 1301 1818 ap-

165 1847 265 1926 paret,
299 1840 385 1924 quod
414 1840 477 1906 dno
503 1840 549 1906 ibi
572 1839 678 1906 iontea
701 1839 814 1906 eodem
845 1837 956 1904 ordine
986 1837 1145 1904 coniuncti
1176 1843 1296 1920 erant,

166 1951 230 2010 tum
252 1944 329 2010 inde
351 1943 452 2028 quod,
486 1965 569 2028 quae
599 1943 687 2030 apud
715 1943 806 2008 illum
837 1941 1108 2028 typographorum
1132 1941 1302 2008 Basileen-

165 2049 282 2132 sium*)
310 2049 406 2134 culpa
435 2069 492 2134 pro
522 2047 634 2114 acholii
665 2047 770 2114 verbis
800 2047 851 2114 bis
874 2045 1063 2132 Σιμωνίδης
1092 2045 1196 2110 ποτὲ
1226 2045 1302 2127 μὲν

165 2149 317 2218 λευκὸν
345 2151 430 2216 ποτὲ
460 2151 496 2216 δὲ
526 2158 729 2238 πορφυροῦν
757 2152 908 2234 leguntur
938 2149 1127 2236 Σιμωνίδης
1156 2149 1240 2214 ποτὲ
1264 2148 1300 2213 δὲ

164 2261 382 2342 πορφυροῦν,
421 2261 455 2320 ut
485 2273 581 2320 aenou
611 2255 753 2321 carentia
781 2254 925 2322 Eudocia
959 2253 1084 2320 omittit.
1136 2252 1300 2336 Integrum

163 2357 277 2425 acholii
299 2363 422 2424 textum
442 2357 498 2424 dat
511 2359 657 2424 Romana
679 2358 776 2424 editio
796 2361 887 2422 1523.
935 2357 1042 2424 Verba
1063 2357 1120 2421 καλ
1143 2355 1243 2442 δέρας
1263 2395 1300 2404 -

165 2461 336 2548 ἐνέργειαν
363 2463 463 2528 Flaeh
487 2483 519 2548 p.
540 2465 579 2526 79
604 2469 635 2528 et
661 2467 720 2526 172
743 2483 784 2528 ex
806 2483 965 2547 anonymo
992 2461 1033 2528 de
1058 2460 1301 2527 incredibilibus

168 2566 231 2648 (ed.
249 2567 472 2632 Wcatermann
495 2565 654 2651 mytbogr.
680 2587 712 2652 p.
732 2567 803 2649 321)
831 2567 884 2632 vel
907 2565 1013 2650 potina
1036 2585 1077 2630 ex
1099 2563 1221 2630 scholio
1239 2564 1302 2630 ali-

162 2691 224 2754 quo
247 2670 317 2736 eius
340 2670 427 2736 sonte
450 2669 596 2736 derivata
618 2689 690 2736 cece
713 2670 894 2735 arbitratur.
942 2670 991 2735 Ab
1010 2668 1153 2734 Endccia
1174 2689 1237 2735 non
1260 2688 1300 2734 ex

162 2775 223 2841 boc
245 2774 342 2858 fonte,
369 2773 427 2840 aed
451 2774 664 2841 ePhavcn'no
686 2774 803 2841 bauata
825 2795 865 2840 ea
887 2792 959 2840 esse
982 2773 1163 2851 docuimuu;
1191 2793 1301 2839 verum

161 2898 204 2943 ne
233 2877 289 2943 ille
318 2876 448 2959 quidem
477 2897 635 2963 anonymo
664 2877 779 2958 utitur,
811 2877 869 2943 ced
892 2877 1037 2942 Zonarae
1064 2877 1134 2942 loco
1156 2875 1298 2960 laudato,

161 3001 180 3046 e
205 2981 307 3047 Suida
328 2988 490 3067 excerpto.

249 3189 309 3254 His
337 3189 463 3256 l'lacbii
490 3189 647 3274 exemplis
677 3189 740 3256 duo
770 3189 848 3254 mihi
881 3187 1002 3254 addere
1036 3187 1149 3268 liceat,
1187 3186 1303 3271 quibua

160 3292 336 3358 Pbavorini
352 3292 492 3359 editione
508 3293 690 3359 Basileenai
705 3313 736 3357 a.
757 3293 838 3357 1538
855 3310 947 3357 usum
963 3309 1035 3356 esse
1049 3290 1177 3356 violarii
1192 3295 1304 3355 aucto-

159 3416 228 3462 rem
252 3403 419 3482 appareat.

253 3505 281 3564 1.
307 3501 394 3586 Περλ
417 3496 624 3583 Ἀμαδόκου.
664 3499 747 3565 Eud.
773 3519 805 3584 p.
825 3503 877 3565 37.

249 3605 482 3689 Harpocration
503 3604 525 3669 i.
553 3625 584 3668 v.
617 3599 822 3686 Άμάδοκοςῑ
860 3595 1052 3688 Ἰσοκράτης
1084 3602 1299 3684 Φιλισπικῴ·

158 3705 223 3773 δύο
246 3705 424 3793 γεγόνασιν
440 3698 543 3791 οὗτοι,
570 3705 683 3794 πατὴρ
707 3707 764 3772 καὶ
786 3705 869 3789 υἱὸς,
897 3704 934 3784 ὃς
956 3707 1013 3771 καὶ
1031 3707 1196 3791 Φιλίππῳ
1217 3726 1303 3786 συμ-

158 3809 327 3899 μαχήσων
356 3800 464 3900 ἦλθεν
492 3811 554 3890 εἰς
585 3809 659 3877 τὸν
691 3806 799 3896 πρὸς
828 3810 1165 3898 Κερσοβλέπτην
1198 3806 1303 3874 πόλε-

232 4003 254 4066 *l
284 4004 316 4058 lu
342 4003 468 4058 Romarm
494 4005 620 4060 editione
647 4019 682 4058 ea
709 4002 797 4058 verba
823 4002 880 4070 lagi
908 4000 983 4057 Guil.
1010 4000 1133 4056 Kueater
1159 3999 1304 4072 popularia

157 4104 241 4144 meua
259 4089 430 4160 philologiae
449 4089 477 4144 in
493 4091 641 4146 academia
659 4090 800 4160 Lipsiensi
820 4089 935 4144 deditus
953 4103 1061 4143 mecum
1075 4086 1302 4151 communicavit,

157 4177 242 4231 cuiue
268 4177 432 4233 liberalitati
457 4177 563 4242 omnia,
590 4193 662 4248 qnae
682 4177 718 4232 de
736 4175 864 4232 Romana
882 4175 1033 4230 Pbavorini
1058 4176 1183 4232 editione
1208 4171 1276 4245 proi
1292 4204 1305 4213 -

155 4279 231 4329 ram,
253 4263 357 4319 debere
376 4279 420 4318 me
437 4271 521 4333 grato
533 4265 626 4322 animo
645 4261 745 4324 fateor.
784 4262 968 4336 Argentorati
987 4262 1060 4318 enim
1079 4279 1134 4321 nna
1147 4261 1305 4320 Besileenei

157 4349 204 4407 uti
223 4349 289 4408 mibi
309 4350 423 4409 licebat.
