<?xml version="1.0" encoding="UTF-8"?>
<!DOCTYPE html PUBLIC "-//W3C//DTD XHTML 1.0 Transitional//EN"
    "http://www.w3.org/TR/xhtml1/DTD/xhtml1-transitional.dtd">
<html xmlns="http://www.w3.org/1999/xhtml" xml:lang="en" lang="en">
 <head>
  <title>
</title>
<meta http-equiv="Content-Type" content="text/html;charset=utf-8" />
  <meta name='ocr-system' content='tesseract 3.04.00' />
  <meta name='ocr-capabilities' content='ocr_page ocr_carea ocr_par ocr_line ocrx_word'/>
</head>
<body>
  <div class='ocr_page' id='page_1' title='image "./dissertationesp02stragoog/dissertationesp02stragoog_0544.png"; bbox 0 0 3226 4932; ppageno 0'>
   <div class='ocr_carea' id='block_1_1' title="bbox 628 409 890 491">
    <p class='ocr_par' dir='ltr' id='par_1_1' title="bbox 628 409 890 491">
     <span class='ocr_line' id='line_1_1' title="bbox 628 409 890 491; baseline -0.004 -19"><span class='ocrx_word' id='word_1_1' title='bbox 628 445 670 454; x_wconf 82' lang='lat'><em>-</em></span> <span class='ocrx_word' id='word_1_2' title='bbox 718 409 802 491; x_wconf 67' lang='lat' dir='ltr'><strong>[trop</strong></span> <span class='ocrx_word' id='word_1_3' title='bbox 849 447 890 454; x_wconf 89' lang='lat'>-</span> 
     </span>
    </p>
   </div>
   <div class='ocr_carea' id='block_1_2' title="bbox 182 597 1321 1522">
    <p class='ocr_par' dir='ltr' id='par_1_2' title="bbox 271 597 1137 787">
     <span class='ocr_line' id='line_1_2' title="bbox 271 597 923 679; baseline 0.002 -35"><span class='ocrx_word' id='word_1_4' title='bbox 271 597 503 679; x_wconf 67' lang='lat' dir='ltr'>19JNV125</span> <span class='ocrx_word' id='word_1_5' title='bbox 548 597 923 647; x_wconf 40' lang='lat' dir='ltr'><strong>-.tw-wau!</strong></span> 
     </span>
     <span class='ocr_line' id='line_1_3' title="bbox 356 684 1137 787; baseline -0.001 -22"><span class='ocrx_word' id='word_1_6' title='bbox 356 695 568 786; x_wconf 74' lang='grc' dir='ltr'><em>Ἁγησιμάχῳ</em></span> <span class='ocrx_word' id='word_1_7' title='bbox 591 684 694 766; x_wconf 74' lang='grc' dir='ltr'><em>νέέων</em></span> <span class='ocrx_word' id='word_1_8' title='bbox 715 705 840 786; x_wconf 89' lang='grc' dir='ltr'><em>γένετο.</em></span> <span class='ocrx_word' id='word_1_9' title='bbox 891 707 946 787; x_wconf 86' lang='lat' dir='ltr'><strong>lp,</strong></span> <span class='ocrx_word' id='word_1_10' title='bbox 977 701 1048 780; x_wconf 89' lang='lat' dir='ltr'><strong>lbr,</strong></span> <span class='ocrx_word' id='word_1_11' title='bbox 1081 701 1137 766; x_wconf 94' lang='lat' dir='ltr'><strong>lh.</strong></span> 
     </span>
    </p>

    <p class='ocr_par' dir='ltr' id='par_1_3' title="bbox 182 818 1321 1400">
     <span class='ocr_line' id='line_1_4' title="bbox 268 818 1321 905; baseline 0 -19"><span class='ocrx_word' id='word_1_12' title='bbox 268 820 330 886; x_wconf 84' lang='lat' dir='ltr'><strong>bbi</strong></span> <span class='ocrx_word' id='word_1_13' title='bbox 353 825 467 904; x_wconf 84' lang='grc' dir='ltr'><em>γένετο</em></span> <span class='ocrx_word' id='word_1_14' title='bbox 497 839 553 903; x_wconf 92' lang='lat' dir='ltr'><strong>pro</strong></span> <span class='ocrx_word' id='word_1_15' title='bbox 582 819 733 886; x_wconf 89' lang='lat' dir='ltr'><strong>librorum</strong></span> <span class='ocrx_word' id='word_1_16' title='bbox 758 818 888 905; x_wconf 73' lang='grc' dir='ltr'><em>ἐγένετο</em></span> <span class='ocrx_word' id='word_1_17' title='bbox 914 819 1008 886; x_wconf 89' lang='lat' dir='ltr'><strong>metri</strong></span> <span class='ocrx_word' id='word_1_18' title='bbox 1031 840 1129 886; x_wconf 90' lang='lat' dir='ltr'><strong>causa</strong></span> <span class='ocrx_word' id='word_1_19' title='bbox 1150 821 1321 905; x_wconf 79' lang='lat' dir='ltr'><strong>temptavit</strong></span> 
     </span>
     <span class='ocr_line' id='line_1_5' title="bbox 182 921 1320 1009; baseline 0 -21"><span class='ocrx_word' id='word_1_20' title='bbox 182 923 363 1002; x_wconf 75' lang='lat' dir='ltr'><strong>Triclinius</strong></span> <span class='ocrx_word' id='word_1_21' title='bbox 391 921 524 988; x_wconf 87' lang='lat' dir='ltr'><strong>offendit</strong></span> <span class='ocrx_word' id='word_1_22' title='bbox 546 929 653 988; x_wconf 92' lang='lat' dir='ltr'><strong>autem</strong></span> <span class='ocrx_word' id='word_1_23' title='bbox 677 923 783 989; x_wconf 84' lang='lat' dir='ltr'><strong>exitus</strong></span> <span class='ocrx_word' id='word_1_24' title='bbox 806 923 1011 1009; x_wconf 88' lang='lat' dir='ltr'><strong>imperfectus</strong></span> <span class='ocrx_word' id='word_1_25' title='bbox 1034 943 1082 1004; x_wconf 92' lang='lat' dir='ltr'><strong>eo,</strong></span> <span class='ocrx_word' id='word_1_26' title='bbox 1109 922 1194 1008; x_wconf 90' lang='lat' dir='ltr'><strong>quod</strong></span> <span class='ocrx_word' id='word_1_27' title='bbox 1212 923 1245 988; x_wconf 93' lang='lat' dir='ltr'><strong>in</strong></span> <span class='ocrx_word' id='word_1_28' title='bbox 1261 923 1320 988; x_wconf 87' lang='lat' dir='ltr'><strong>hoc</strong></span> 
     </span>
     <span class='ocr_line' id='line_1_6' title="bbox 183 1025 1319 1110; baseline 0 -20"><span class='ocrx_word' id='word_1_29' title='bbox 183 1027 323 1092; x_wconf 83' lang='lat' dir='ltr'><strong>carmine</strong></span> <span class='ocrx_word' id='word_1_30' title='bbox 348 1025 459 1090; x_wconf 84' lang='lat' dir='ltr'><strong>unicus</strong></span> <span class='ocrx_word' id='word_1_31' title='bbox 484 1031 543 1090; x_wconf 91' lang='lat' dir='ltr'><strong>est.</strong></span> <span class='ocrx_word' id='word_1_32' title='bbox 580 1025 644 1092; x_wconf 87' lang='lat' dir='ltr'><strong>Sed</strong></span> <span class='ocrx_word' id='word_1_33' title='bbox 668 1026 838 1110; x_wconf 83' lang='lat' dir='ltr'><strong>vestigium</strong></span> <span class='ocrx_word' id='word_1_34' title='bbox 862 1046 957 1092; x_wconf 88' lang='lat' dir='ltr'><strong>verae</strong></span> <span class='ocrx_word' id='word_1_35' title='bbox 979 1026 1125 1092; x_wconf 90' lang='lat' dir='ltr'><strong>lectionis</strong></span> <span class='ocrx_word' id='word_1_36' title='bbox 1147 1025 1255 1092; x_wconf 91' lang='lat' dir='ltr'><strong>nescio</strong></span> <span class='ocrx_word' id='word_1_37' title='bbox 1278 1047 1319 1090; x_wconf 90' lang='lat' dir='ltr'><strong>an</strong></span> 
     </span>
     <span class='ocr_line' id='line_1_7' title="bbox 184 1122 1320 1215; baseline 0.001 -23"><span class='ocrx_word' id='word_1_38' title='bbox 184 1129 359 1193; x_wconf 84' lang='lat' dir='ltr'><strong>servaverit</strong></span> <span class='ocrx_word' id='word_1_39' title='bbox 383 1127 574 1202; x_wconf 72' lang='lat' dir='ltr'>scholiasta,</span> <span class='ocrx_word' id='word_1_40' title='bbox 608 1129 663 1210; x_wconf 91' lang='lat' dir='ltr'><strong>qui</strong></span> <span class='ocrx_word' id='word_1_41' title='bbox 686 1129 767 1196; x_wconf 85' lang='lat' dir='ltr'><strong>haee</strong></span> <span class='ocrx_word' id='word_1_42' title='bbox 788 1128 969 1195; x_wconf 80' lang='lat' dir='ltr'><strong>adnotavit:</strong></span> <span class='ocrx_word' id='word_1_43' title='bbox 1004 1122 1021 1193; x_wconf 81' lang='grc' dir='ltr'><em>ὃ</em></span> <span class='ocrx_word' id='word_1_44' title='bbox 1045 1126 1108 1213; x_wconf 86' lang='grc' dir='ltr'><strong>γὰρ</strong></span> <span class='ocrx_word' id='word_1_45' title='bbox 1132 1128 1320 1215; x_wconf 72' lang='grc' dir='ltr'><strong><em>Σωκλείδης</em></strong></span> 
     </span>
     <span class='ocr_line' id='line_1_8' title="bbox 182 1225 1319 1318; baseline 0.004 -25"><span class='ocrx_word' id='word_1_46' title='bbox 182 1228 410 1315; x_wconf 65' lang='grc' dir='ltr'><em>τιρεσβύτερος</em></span> <span class='ocrx_word' id='word_1_47' title='bbox 437 1229 499 1312; x_wconf 82' lang='grc' dir='ltr'><strong>μέν</strong></span> <span class='ocrx_word' id='word_1_48' title='bbox 530 1237 595 1296; x_wconf 83' lang='grc' dir='ltr'><em>τῶν</em></span> <span class='ocrx_word' id='word_1_49' title='bbox 616 1229 699 1296; x_wconf 80' lang='grc' dir='ltr'><em>υἱῶν</em></span> <span class='ocrx_word' id='word_1_50' title='bbox 721 1237 899 1316; x_wconf 87' lang='grc' dir='ltr'><em>γέγονεν</em></span> <span class='ocrx_word' id='word_1_51' title='bbox 921 1225 1159 1318; x_wconf 74' lang='grc' dir='ltr'><em>Ἀγροιμάχοο.</em></span> <span class='ocrx_word' id='word_1_52' title='bbox 1206 1233 1319 1316; x_wconf 84' lang='lat' dir='ltr'><strong>Itaque</strong></span> 
     </span>
     <span class='ocr_line' id='line_1_9' title="bbox 182 1333 666 1400; baseline 0.004 -3"><span class='ocrx_word' id='word_1_53' title='bbox 182 1333 411 1400; x_wconf 89' lang='lat' dir='ltr'><strong>restituendum</strong></span> <span class='ocrx_word' id='word_1_54' title='bbox 436 1351 507 1398; x_wconf 90' lang='lat' dir='ltr'><strong>esse</strong></span> <span class='ocrx_word' id='word_1_55' title='bbox 530 1333 666 1399; x_wconf 83' lang='lat' dir='ltr'><strong>arbitror</strong></span> 
     </span>
    </p>

    <p class='ocr_par' dir='ltr' id='par_1_4' title="bbox 492 1429 997 1522">
     <span class='ocr_line' id='line_1_10' title="bbox 492 1429 997 1522; baseline 0 -22"><span class='ocrx_word' id='word_1_56' title='bbox 492 1429 704 1522; x_wconf 74' lang='grc' dir='ltr'><em>Ἁγησιμάχῳ</em></span> <span class='ocrx_word' id='word_1_57' title='bbox 727 1435 828 1502; x_wconf 81' lang='grc' dir='ltr'><em>υἱέων</em></span> <span class='ocrx_word' id='word_1_58' title='bbox 850 1441 997 1520; x_wconf 86' lang='grc' dir='ltr'><em>γέγονεν.</em></span> 
     </span>
    </p>
   </div>
   <div class='ocr_carea' id='block_1_3' title="bbox 182 1573 1321 2688">
    <p class='ocr_par' dir='ltr' id='par_1_5' title="bbox 227 1573 1278 1866">
     <span class='ocr_line' id='line_1_11' title="bbox 269 1573 1006 1653; baseline 0 -31"><span class='ocrx_word' id='word_1_59' title='bbox 269 1577 319 1653; x_wconf 75' lang='lat'><strong>20]</strong></span> <span class='ocrx_word' id='word_1_60' title='bbox 347 1573 498 1639; x_wconf 82' lang='lat' dir='ltr'>NV115</span> <span class='ocrx_word' id='word_1_61' title='bbox 544 1575 1006 1628; x_wconf 54' lang='grc' dir='ltr'><strong>υζυυμζυ-υ6ὶυξ’</strong></span> 
     </span>
     <span class='ocr_line' id='line_1_12' title="bbox 227 1671 1278 1760; baseline 0.001 -20"><span class='ocrx_word' id='word_1_62' title='bbox 227 1671 442 1760; x_wconf 66' lang='grc' dir='ltr'><em>ἀναπνέομεν</em></span> <span class='ocrx_word' id='word_1_63' title='bbox 458 1671 491 1742; x_wconf 80' lang='grc' dir='ltr'><strong>δ’</strong></span> <span class='ocrx_word' id='word_1_64' title='bbox 512 1671 572 1760; x_wconf 82' lang='grc' dir='ltr'><strong>οὐχ</strong></span> <span class='ocrx_word' id='word_1_65' title='bbox 589 1671 738 1754; x_wconf 74' lang='grc' dir='ltr'><em>ἅπαντες</em></span> <span class='ocrx_word' id='word_1_66' title='bbox 755 1675 812 1742; x_wconf 72' lang='grc' dir='ltr'><strong>ἐστὶ</strong></span> <span class='ocrx_word' id='word_1_67' title='bbox 833 1676 952 1760; x_wconf 64' lang='lat' dir='ltr'><strong>[flios.</strong></span> <span class='ocrx_word' id='word_1_68' title='bbox 989 1679 1031 1758; x_wconf 83' lang='grc'><strong>41,</strong></span> <span class='ocrx_word' id='word_1_69' title='bbox 1052 1679 1104 1758; x_wconf 77' lang='lat' dir='ltr'><strong>th,</strong></span> <span class='ocrx_word' id='word_1_70' title='bbox 1126 1679 1194 1759; x_wconf 74' lang='lat' dir='ltr'><strong>abr,</strong></span> <span class='ocrx_word' id='word_1_71' title='bbox 1217 1680 1278 1744; x_wconf 91' lang='lat' dir='ltr'><strong>lih.</strong></span> 
     </span>
     <span class='ocr_line' id='line_1_13' title="bbox 227 1774 1050 1866; baseline 0.001 -21"><span class='ocrx_word' id='word_1_72' title='bbox 227 1779 330 1866; x_wconf 74' lang='grc' dir='ltr'><em>εἴργει</em></span> <span class='ocrx_word' id='word_1_73' title='bbox 353 1780 389 1846; x_wconf 78' lang='grc' dir='ltr'><strong>δὲ</strong></span> <span class='ocrx_word' id='word_1_74' title='bbox 412 1779 533 1866; x_wconf 81' lang='grc' dir='ltr'><strong><em>πότμῳ</em></strong></span> <span class='ocrx_word' id='word_1_75' title='bbox 558 1774 699 1865; x_wconf 76' lang='grc' dir='ltr'><em>ζυγένθ’</em></span> <span class='ocrx_word' id='word_1_76' title='bbox 725 1778 841 1866; x_wconf 84' lang='grc' dir='ltr'><em>έτερον</em></span> <span class='ocrx_word' id='word_1_77' title='bbox 863 1779 960 1866; x_wconf 81' lang='grc' dir='ltr'><em>έτερα</em></span> <span class='ocrx_word' id='word_1_78' title='bbox 986 1831 993 1844; x_wconf 92' lang='grc'><strong>.</strong></span> <span class='ocrx_word' id='word_1_79' title='bbox 1015 1831 1021 1845; x_wconf 93' lang='grc'><em>.</em></span> <span class='ocrx_word' id='word_1_80' title='bbox 1044 1831 1050 1846; x_wconf 94' lang='grc'><strong>.</strong></span> 
     </span>
    </p>

    <p class='ocr_par' dir='ltr' id='par_1_6' title="bbox 182 1899 1321 2688">
     <span class='ocr_line' id='line_1_14' title="bbox 268 1899 1321 1986; baseline 0.003 -21"><span class='ocrx_word' id='word_1_81' title='bbox 268 1902 382 1985; x_wconf 80' lang='lat' dir='ltr'>Neque</span> <span class='ocrx_word' id='word_1_82' title='bbox 404 1921 517 1966; x_wconf 87' lang='lat' dir='ltr'><strong>versus</strong></span> <span class='ocrx_word' id='word_1_83' title='bbox 539 1901 687 1986; x_wconf 84' lang='lat' dir='ltr'><strong>paralleli</strong></span> <span class='ocrx_word' id='word_1_84' title='bbox 710 1901 831 1967; x_wconf 84' lang='lat' dir='ltr'><strong>exitum</strong></span> <span class='ocrx_word' id='word_1_85' title='bbox 852 1899 1073 1985; x_wconf 85' lang='lat' dir='ltr'><strong>imperfectum</strong></span> <span class='ocrx_word' id='word_1_86' title='bbox 1096 1911 1262 1982; x_wconf 75' lang='lat' dir='ltr'><strong>excusant,</strong></span> <span class='ocrx_word' id='word_1_87' title='bbox 1289 1910 1321 1968; x_wconf 94' lang='lat' dir='ltr'><strong>et</strong></span> 
     </span>
     <span class='ocr_line' id='line_1_15' title="bbox 185 2002 1316 2089; baseline 0.003 -21"><span class='ocrx_word' id='word_1_88' title='bbox 185 2005 385 2070; x_wconf 87' lang='lat' dir='ltr'><strong>accusativus</strong></span> <span class='ocrx_word' id='word_1_89' title='bbox 407 2004 462 2068; x_wconf 86' lang='lat' dir='ltr'><strong>vix</strong></span> <span class='ocrx_word' id='word_1_90' title='bbox 484 2002 518 2068; x_wconf 88' lang='lat' dir='ltr'><strong>id</strong></span> <span class='ocrx_word' id='word_1_91' title='bbox 541 2004 719 2088; x_wconf 81' lang='lat' dir='ltr'><strong>exprimere</strong></span> <span class='ocrx_word' id='word_1_92' title='bbox 741 2011 860 2089; x_wconf 86' lang='lat' dir='ltr'><strong>potest,</strong></span> <span class='ocrx_word' id='word_1_93' title='bbox 893 2003 979 2086; x_wconf 90' lang='lat' dir='ltr'><strong>quod</strong></span> <span class='ocrx_word' id='word_1_94' title='bbox 1002 2004 1161 2070; x_wconf 90' lang='lat' dir='ltr'><strong>sententia</strong></span> <span class='ocrx_word' id='word_1_95' title='bbox 1182 2003 1316 2088; x_wconf 77' lang='lat' dir='ltr'><strong>flagitat,</strong></span> 
     </span>
     <span class='ocr_line' id='line_1_16' title="bbox 182 2100 1321 2192; baseline 0 -20"><span class='ocrx_word' id='word_1_96' title='bbox 182 2128 279 2190; x_wconf 86' lang='lat' dir='ltr'><strong>quam</strong></span> <span class='ocrx_word' id='word_1_97' title='bbox 303 2107 477 2172; x_wconf 81' lang='lat' dir='ltr'><strong>scholiasta</strong></span> <span class='ocrx_word' id='word_1_98' title='bbox 499 2106 546 2172; x_wconf 89' lang='lat' dir='ltr'><strong>sic</strong></span> <span class='ocrx_word' id='word_1_99' title='bbox 567 2106 649 2172; x_wconf 90' lang='lat' dir='ltr'><strong>bene</strong></span> <span class='ocrx_word' id='word_1_100' title='bbox 671 2107 913 2192; x_wconf 81' lang='lat' dir='ltr'><strong>interpretatur:</strong></span> <span class='ocrx_word' id='word_1_101' title='bbox 941 2105 1048 2189; x_wconf 80' lang='grc' dir='ltr'><em>ζῶμεν</em></span> <span class='ocrx_word' id='word_1_102' title='bbox 1067 2100 1100 2170; x_wconf 82' lang='grc' dir='ltr'><strong>δ’</strong></span> <span class='ocrx_word' id='word_1_103' title='bbox 1119 2101 1180 2188; x_wconf 80' lang='grc' dir='ltr'><strong>οὐχ</strong></span> <span class='ocrx_word' id='word_1_104' title='bbox 1196 2101 1321 2190; x_wconf 82' lang='grc' dir='ltr'><em>ὁμοίως</em></span> 
     </span>
     <span class='ocr_line' id='line_1_17' title="bbox 184 2203 1319 2293; baseline 0.001 -20"><span class='ocrx_word' id='word_1_105' title='bbox 184 2204 350 2290; x_wconf 73' lang='grc' dir='ltr'><em>ἅπαντες,</em></span> <span class='ocrx_word' id='word_1_106' title='bbox 385 2203 461 2274; x_wconf 75' lang='grc' dir='ltr'><strong>ἀλλ’</strong></span> <span class='ocrx_word' id='word_1_107' title='bbox 487 2208 519 2274; x_wconf 78' lang='grc' dir='ltr'><strong>οἱ</strong></span> <span class='ocrx_word' id='word_1_108' title='bbox 549 2209 612 2290; x_wconf 80' lang='grc' dir='ltr'><em>μὲν</em></span> <span class='ocrx_word' id='word_1_109' title='bbox 642 2211 863 2288; x_wconf 79' lang='grc' dir='ltr'><em>πλουτοῦσιν,</em></span> <span class='ocrx_word' id='word_1_110' title='bbox 898 2208 930 2274; x_wconf 79' lang='grc' dir='ltr'><strong>οἱ</strong></span> <span class='ocrx_word' id='word_1_111' title='bbox 954 2205 988 2275; x_wconf 76' lang='grc' dir='ltr'><strong>δ’</strong></span> <span class='ocrx_word' id='word_1_112' title='bbox 1015 2203 1071 2286; x_wconf 74' lang='grc' dir='ltr'><strong>οὕς</strong></span> <span class='ocrx_word' id='word_1_113' title='bbox 1105 2210 1190 2293; x_wconf 90' lang='lat' dir='ltr'><strong>quod</strong></span> <span class='ocrx_word' id='word_1_114' title='bbox 1213 2219 1319 2276; x_wconf 86' lang='lat' dir='ltr'><strong>autem</strong></span> 
     </span>
     <span class='ocr_line' id='line_1_18' title="bbox 182 2311 1320 2398; baseline 0.001 -21"><span class='ocrx_word' id='word_1_115' title='bbox 182 2313 255 2379; x_wconf 91' lang='lat' dir='ltr'><strong>libri</strong></span> <span class='ocrx_word' id='word_1_116' title='bbox 278 2314 398 2379; x_wconf 89' lang='lat' dir='ltr'><strong>babent</strong></span> <span class='ocrx_word' id='word_1_117' title='bbox 422 2311 480 2377; x_wconf 75' lang='grc' dir='ltr'><strong>ἐπὶ</strong></span> <span class='ocrx_word' id='word_1_118' title='bbox 502 2312 559 2378; x_wconf 76' lang='lat' dir='ltr'><strong>’loa</strong></span> <span class='ocrx_word' id='word_1_119' title='bbox 587 2311 694 2398; x_wconf 87' lang='lat' dir='ltr'><strong>potius</strong></span> <span class='ocrx_word' id='word_1_120' title='bbox 717 2312 990 2398; x_wconf 88' lang='lat' dir='ltr'><strong>interpretandum</strong></span> <span class='ocrx_word' id='word_1_121' title='bbox 1019 2319 1105 2379; x_wconf 87' lang='lat' dir='ltr'><strong>esset</strong></span> <span class='ocrx_word' id='word_1_122' title='bbox 1134 2333 1217 2379; x_wconf 86' lang='lat' dir='ltr'><strong>»uon</strong></span> <span class='ocrx_word' id='word_1_123' title='bbox 1239 2313 1320 2378; x_wconf 79' lang='lat' dir='ltr'><strong>riui-</strong></span> 
     </span>
     <span class='ocr_line' id='line_1_19' title="bbox 184 2414 1319 2501; baseline -0.001 -20"><span class='ocrx_word' id='word_1_124' title='bbox 184 2435 255 2481; x_wconf 88' lang='lat' dir='ltr'><strong>mus</strong></span> <span class='ocrx_word' id='word_1_125' title='bbox 277 2435 387 2482; x_wconf 91' lang='lat' dir='ltr'><strong>omnes</strong></span> <span class='ocrx_word' id='word_1_126' title='bbox 409 2415 522 2482; x_wconf 86' lang='lat' dir='ltr'><strong>eadem</strong></span> <span class='ocrx_word' id='word_1_127' title='bbox 545 2422 769 2501; x_wconf 76' lang='lat' dir='ltr'><strong>appetentes«.</strong></span> <span class='ocrx_word' id='word_1_128' title='bbox 816 2414 1026 2482; x_wconf 85' lang='lat' dir='ltr'><strong>Soribendum</strong></span> <span class='ocrx_word' id='word_1_129' title='bbox 1056 2415 1154 2498; x_wconf 83' lang='lat' dir='ltr'><strong>igitur</strong></span> <span class='ocrx_word' id='word_1_130' title='bbox 1183 2424 1233 2482; x_wconf 88' lang='lat' dir='ltr'><strong>est</strong></span> <span class='ocrx_word' id='word_1_131' title='bbox 1263 2414 1319 2480; x_wconf 74' lang='grc' dir='ltr'><strong>ἐπὶ</strong></span> 
     </span>
     <span class='ocr_line' id='line_1_20' title="bbox 184 2518 1319 2603; baseline 0.002 -20"><span class='ocrx_word' id='word_1_132' title='bbox 184 2518 270 2595; x_wconf 77' lang='grc' dir='ltr'><em>ἴσοις</em></span> <span class='ocrx_word' id='word_1_133' title='bbox 286 2537 357 2584; x_wconf 90' lang='lat' dir='ltr'><strong>cum</strong></span> <span class='ocrx_word' id='word_1_134' title='bbox 377 2518 500 2602; x_wconf 88' lang='lat' dir='ltr'><strong>Bothio‚</strong></span> <span class='ocrx_word' id='word_1_135' title='bbox 527 2518 611 2602; x_wconf 89' lang='lat' dir='ltr'><strong>quod</strong></span> <span class='ocrx_word' id='word_1_136' title='bbox 626 2518 786 2603; x_wconf 83' lang='lat' dir='ltr'><strong>signifieat</strong></span> <span class='ocrx_word' id='word_1_137' title='bbox 807 2538 891 2584; x_wconf 77' lang='lat' dir='ltr'><strong>»non</strong></span> <span class='ocrx_word' id='word_1_138' title='bbox 905 2537 1015 2584; x_wconf 90' lang='lat' dir='ltr'><strong>omnes</strong></span> <span class='ocrx_word' id='word_1_139' title='bbox 1032 2518 1091 2583; x_wconf 92' lang='lat' dir='ltr'><strong>sub</strong></span> <span class='ocrx_word' id='word_1_140' title='bbox 1106 2518 1229 2584; x_wconf 87' lang='lat' dir='ltr'><strong>eisdem</strong></span> <span class='ocrx_word' id='word_1_141' title='bbox 1246 2539 1319 2585; x_wconf 88' lang='lat' dir='ltr'><strong>con—</strong></span> 
     </span>
     <span class='ocr_line' id='line_1_21' title="bbox 183 2622 555 2688; baseline 0 -2"><span class='ocrx_word' id='word_1_142' title='bbox 183 2622 362 2688; x_wconf 88' lang='lat' dir='ltr'><strong>dicionibus</strong></span> <span class='ocrx_word' id='word_1_143' title='bbox 385 2622 555 2688; x_wconf 82' lang='lat' dir='ltr'><strong>vivimus«.</strong></span> 
     </span>
    </p>
   </div>
   <div class='ocr_carea' id='block_1_4' title="bbox 180 2757 1321 4284">
    <p class='ocr_par' dir='ltr' id='par_1_7' title="bbox 270 2757 1059 2946">
     <span class='ocr_line' id='line_1_22' title="bbox 270 2757 1059 2841; baseline -0.003 -36"><span class='ocrx_word' id='word_1_144' title='bbox 270 2765 320 2841; x_wconf 69' lang='lat'><strong>21)</strong></span> <span class='ocrx_word' id='word_1_145' title='bbox 348 2758 521 2824; x_wconf 77' lang='lat' dir='ltr'>NV1152</span> <span class='ocrx_word' id='word_1_146' title='bbox 566 2759 978 2810; x_wconf 60' lang='grc' dir='ltr'><strong>Δυυ-υε,Δυ-υ-</strong></span> <span class='ocrx_word' id='word_1_147' title='bbox 1034 2757 1059 2803; x_wconf 64' lang='grc' dir='ltr'>Ξ</span> 
     </span>
     <span class='ocr_line' id='line_1_23' title="bbox 716 2855 968 2946; baseline -0.005 -20.642"><span class='ocrx_word' id='word_1_148' title='bbox 716 2857 819 2946; x_wconf 85' lang='grc' dir='ltr'><em>κόρον</em></span> <span class='ocrx_word' id='word_1_149' title='bbox 841 2855 874 2926; x_wconf 77' lang='grc' dir='ltr'><strong>δ’</strong></span> <span class='ocrx_word' id='word_1_150' title='bbox 900 2859 968 2941; x_wconf 72' lang='grc' dir='ltr'><em>ἔχει</em></span> 
     </span>
    </p>

    <p class='ocr_par' dir='ltr' id='par_1_8' title="bbox 353 2957 1158 3050">
     <span class='ocr_line' id='line_1_24' title="bbox 353 2957 1158 3050; baseline 0 -22"><span class='ocrx_word' id='word_1_151' title='bbox 353 2967 409 3029; x_wconf 86' lang='grc' dir='ltr'><strong>καὶ</strong></span> <span class='ocrx_word' id='word_1_152' title='bbox 431 2967 508 3048; x_wconf 85' lang='grc' dir='ltr'><em>μέλι</em></span> <span class='ocrx_word' id='word_1_153' title='bbox 530 2965 586 3029; x_wconf 82' lang='grc' dir='ltr'><strong>καὶ</strong></span> <span class='ocrx_word' id='word_1_154' title='bbox 609 2961 650 3028; x_wconf 85' lang='grc' dir='ltr'><strong>τὰ</strong></span> <span class='ocrx_word' id='word_1_155' title='bbox 673 2959 792 3050; x_wconf 76' lang='grc' dir='ltr'><em>τέρπν’</em></span> <span class='ocrx_word' id='word_1_156' title='bbox 819 2957 921 3028; x_wconf 74' lang='grc' dir='ltr'><em>ἄνθε’</em></span> <span class='ocrx_word' id='word_1_157' title='bbox 945 2957 1158 3049; x_wconf 79' lang='grc' dir='ltr'><em>Ἀφροδίσια.</em></span> 
     </span>
    </p>

    <p class='ocr_par' dir='ltr' id='par_1_9' title="bbox 180 3067 1321 4284">
     <span class='ocr_line' id='line_1_25' title="bbox 841 3067 1140 3152; baseline 0 -22"><span class='ocrx_word' id='word_1_158' title='bbox 841 3067 1140 3152; x_wconf 79' lang='lat' dir='ltr'><strong>71,1h,1p,1i.</strong></span> 
     </span>
     <span class='ocr_line' id='line_1_26' title="bbox 269 3165 1318 3256; baseline -0.002 -19"><span class='ocrx_word' id='word_1_159' title='bbox 269 3172 450 3237; x_wconf 81' lang='lat' dir='ltr'><strong>Scholiasta</strong></span> <span class='ocrx_word' id='word_1_160' title='bbox 472 3177 559 3237; x_wconf 86' lang='lat' dir='ltr'><strong>reete</strong></span> <span class='ocrx_word' id='word_1_161' title='bbox 580 3169 808 3256; x_wconf 86' lang='lat' dir='ltr'><strong>interpretatur</strong></span> <span class='ocrx_word' id='word_1_162' title='bbox 830 3167 932 3253; x_wconf 91' lang='grc' dir='ltr'><em>κόρον</em></span> <span class='ocrx_word' id='word_1_163' title='bbox 954 3166 1017 3256; x_wconf 83' lang='grc' dir='ltr'><strong>γὰρ</strong></span> <span class='ocrx_word' id='word_1_164' title='bbox 1034 3168 1103 3251; x_wconf 86' lang='grc' dir='ltr'><em>έχει</em></span> <span class='ocrx_word' id='word_1_165' title='bbox 1119 3170 1176 3234; x_wconf 73' lang='lat' dir='ltr'><strong>nai</strong></span> <span class='ocrx_word' id='word_1_166' title='bbox 1190 3165 1228 3234; x_wconf 88' lang='grc' dir='ltr'><strong>τὸ</strong></span> <span class='ocrx_word' id='word_1_167' title='bbox 1244 3171 1318 3251; x_wconf 78' lang='grc' dir='ltr'><em>μέλι</em></span> 
     </span>
     <span class='ocr_line' id='line_1_27' title="bbox 183 3267 1321 3360; baseline -0.001 -21"><span class='ocrx_word' id='word_1_168' title='bbox 183 3276 239 3339; x_wconf 77' lang='grc' dir='ltr'><strong>καὶ</strong></span> <span class='ocrx_word' id='word_1_169' title='bbox 261 3271 303 3338; x_wconf 90' lang='grc' dir='ltr'><strong>τὰ</strong></span> <span class='ocrx_word' id='word_1_170' title='bbox 323 3269 541 3360; x_wconf 80' lang='grc' dir='ltr'><em>Ἀφροδίσια;</em></span> <span class='ocrx_word' id='word_1_171' title='bbox 568 3273 729 3357; x_wconf 81' lang='lat' dir='ltr'><strong>signifieat</strong></span> <span class='ocrx_word' id='word_1_172' title='bbox 751 3281 858 3339; x_wconf 90' lang='lat' dir='ltr'><strong>autem</strong></span> <span class='ocrx_word' id='word_1_173' title='bbox 881 3271 923 3337; x_wconf 87' lang='grc' dir='ltr'><strong>τὰ</strong></span> <span class='ocrx_word' id='word_1_174' title='bbox 946 3267 1147 3359; x_wconf 78' lang='grc' dir='ltr'><em>Ἀφροδίσια</em></span> <span class='ocrx_word' id='word_1_175' title='bbox 1171 3274 1321 3339; x_wconf 87' lang='lat' dir='ltr'><strong>substan-</strong></span> 
     </span>
     <span class='ocr_line' id='line_1_28' title="bbox 180 3375 1320 3462; baseline -0.005 -18"><span class='ocrx_word' id='word_1_176' title='bbox 180 3379 280 3444; x_wconf 86' lang='lat' dir='ltr'><strong>tivum</strong></span> <span class='ocrx_word' id='word_1_177' title='bbox 313 3378 509 3462; x_wconf 87' lang='lat' dir='ltr'><strong>voluptatem</strong></span> <span class='ocrx_word' id='word_1_178' title='bbox 542 3375 669 3443; x_wconf 84' lang='lat' dir='ltr'><strong>veneris</strong></span> <span class='ocrx_word' id='word_1_179' title='bbox 704 3375 756 3456; x_wconf 82' lang='lat' dir='ltr'><strong>(cf.</strong></span> <span class='ocrx_word' id='word_1_180' title='bbox 789 3375 938 3461; x_wconf 85' lang='lat' dir='ltr'><strong>Xenoph.</strong></span> <span class='ocrx_word' id='word_1_181' title='bbox 972 3377 1103 3442; x_wconf 90' lang='lat' dir='ltr'><strong>Memor.</strong></span> <span class='ocrx_word' id='word_1_182' title='bbox 1129 3376 1155 3441; x_wconf 93' lang='lat'><strong>1.</strong></span> <span class='ocrx_word' id='word_1_183' title='bbox 1182 3379 1219 3438; x_wconf 77' lang='lat'><strong>2:</strong></span> <span class='ocrx_word' id='word_1_184' title='bbox 1247 3380 1320 3439; x_wconf 77' lang='grc' dir='ltr'><strong>Σω-</strong></span> 
     </span>
     <span class='ocr_line' id='line_1_29' title="bbox 184 3472 1320 3566; baseline -0.001 -21"><span class='ocrx_word' id='word_1_185' title='bbox 184 3477 305 3566; x_wconf 80' lang='grc' dir='ltr'><em>κράτης</em></span> <span class='ocrx_word' id='word_1_186' title='bbox 325 3529 429 3558; x_wconf 88' lang='grc'><strong>.....</strong></span> <span class='ocrx_word' id='word_1_187' title='bbox 457 3476 518 3556; x_wconf 81' lang='grc' dir='ltr'><strong>ὃς.</strong></span> <span class='ocrx_word' id='word_1_188' title='bbox 541 3529 548 3543; x_wconf 95' lang='grc'><strong>.</strong></span> <span class='ocrx_word' id='word_1_189' title='bbox 570 3529 577 3543; x_wconf 95' lang='grc'><strong>.</strong></span> <span class='ocrx_word' id='word_1_190' title='bbox 599 3472 838 3564; x_wconf 79' lang='grc' dir='ltr'><em>,ἀφροδισίων</em></span> <span class='ocrx_word' id='word_1_191' title='bbox 860 3479 916 3543; x_wconf 80' lang='grc' dir='ltr'><strong>καὶ</strong></span> <span class='ocrx_word' id='word_1_192' title='bbox 938 3475 1083 3565; x_wconf 79' lang='grc' dir='ltr'><em>γαστρὸς</em></span> <span class='ocrx_word' id='word_1_193' title='bbox 1106 3475 1246 3544; x_wconf 80' lang='grc' dir='ltr'><em>πάντων</em></span> <span class='ocrx_word' id='word_1_194' title='bbox 1261 3472 1320 3544; x_wconf 80' lang='grc' dir='ltr'><em>ἇν-</em></span> 
     </span>
     <span class='ocr_line' id='line_1_30' title="bbox 182 3569 1319 3668; baseline -0.001 -20"><span class='ocrx_word' id='word_1_195' title='bbox 182 3581 335 3668; x_wconf 79' lang='grc' dir='ltr'><em>θρώττων</em></span> <span class='ocrx_word' id='word_1_196' title='bbox 358 3581 620 3668; x_wconf 79' lang='grc' dir='ltr'><em>ἐγκρατέστατος</em></span> <span class='ocrx_word' id='word_1_197' title='bbox 640 3569 703 3667; x_wconf 73' lang='grc' dir='ltr'><em>ἦν),</em></span> <span class='ocrx_word' id='word_1_198' title='bbox 729 3602 812 3665; x_wconf 87' lang='lat' dir='ltr'><strong>quae</strong></span> <span class='ocrx_word' id='word_1_199' title='bbox 834 3583 896 3648; x_wconf 83' lang='lat' dir='ltr'><strong>hoc</strong></span> <span class='ocrx_word' id='word_1_200' title='bbox 918 3583 987 3648; x_wconf 82' lang='lat' dir='ltr'><strong>loco</strong></span> <span class='ocrx_word' id='word_1_201' title='bbox 1009 3581 1218 3663; x_wconf 86' lang='lat' dir='ltr'><strong>desideratur,</strong></span> <span class='ocrx_word' id='word_1_202' title='bbox 1245 3603 1319 3647; x_wconf 91' lang='lat' dir='ltr'><strong>nam</strong></span> 
     </span>
     <span class='ocr_line' id='line_1_31' title="bbox 182 3677 1320 3772; baseline -0.002 -20"><span class='ocrx_word' id='word_1_203' title='bbox 182 3685 223 3752; x_wconf 86' lang='grc' dir='ltr'><strong>τὰ</strong></span> <span class='ocrx_word' id='word_1_204' title='bbox 252 3684 380 3772; x_wconf 79' lang='grc' dir='ltr'><em>τερπνὰ</em></span> <span class='ocrx_word' id='word_1_205' title='bbox 410 3680 520 3751; x_wconf 76' lang='grc' dir='ltr'><em>ἄνθεα</em></span> <span class='ocrx_word' id='word_1_206' title='bbox 550 3677 751 3769; x_wconf 78' lang='grc' dir='ltr'><em>Ἀφροδίσια</em></span> <span class='ocrx_word' id='word_1_207' title='bbox 780 3685 875 3750; x_wconf 87' lang='lat' dir='ltr'><strong>nihil.</strong></span> <span class='ocrx_word' id='word_1_208' title='bbox 891 3703 964 3752; x_wconf 87' lang='lat' dir='ltr'><strong>esse</strong></span> <span class='ocrx_word' id='word_1_209' title='bbox 990 3693 1125 3770; x_wconf 87' lang='lat' dir='ltr'><strong>possunt</strong></span> <span class='ocrx_word' id='word_1_210' title='bbox 1152 3685 1215 3750; x_wconf 86' lang='lat' dir='ltr'><strong>uisi</strong></span> <span class='ocrx_word' id='word_1_211' title='bbox 1244 3705 1320 3751; x_wconf 91' lang='lat' dir='ltr'><strong>sua-</strong></span> 
     </span>
     <span class='ocr_line' id='line_1_32' title="bbox 182 3787 1320 3873; baseline -0.001 -19"><span class='ocrx_word' id='word_1_212' title='bbox 182 3810 239 3856; x_wconf 82' lang='lat' dir='ltr'><strong>ves</strong></span> <span class='ocrx_word' id='word_1_213' title='bbox 267 3789 361 3854; x_wconf 87' lang='lat' dir='ltr'><strong>liores</strong></span> <span class='ocrx_word' id='word_1_214' title='bbox 390 3789 525 3854; x_wconf 89' lang='lat' dir='ltr'><strong>Veneris</strong></span> <span class='ocrx_word' id='word_1_215' title='bbox 553 3787 646 3853; x_wconf 88' lang='lat' dir='ltr'><strong>deae.</strong></span> <span class='ocrx_word' id='word_1_216' title='bbox 701 3787 801 3854; x_wconf 87' lang='lat' dir='ltr'><strong>Multo</strong></span> <span class='ocrx_word' id='word_1_217' title='bbox 835 3797 942 3854; x_wconf 92' lang='lat' dir='ltr'><strong>autem</strong></span> <span class='ocrx_word' id='word_1_218' title='bbox 975 3788 1092 3854; x_wconf 90' lang='lat' dir='ltr'><strong>melius</strong></span> <span class='ocrx_word' id='word_1_219' title='bbox 1126 3807 1177 3853; x_wconf 91' lang='lat' dir='ltr'><strong>res</strong></span> <span class='ocrx_word' id='word_1_220' title='bbox 1211 3789 1320 3873; x_wconf 85' lang='lat' dir='ltr'><strong>expri-</strong></span> 
     </span>
     <span class='ocr_line' id='line_1_33' title="bbox 183 3883 1319 3978; baseline -0.003 -19"><span class='ocrx_word' id='word_1_221' title='bbox 183 3894 288 3973; x_wconf 77' lang='lat' dir='ltr'><strong>mitur,</strong></span> <span class='ocrx_word' id='word_1_222' title='bbox 317 3891 345 3957; x_wconf 92' lang='lat' dir='ltr'><strong>si</strong></span> <span class='ocrx_word' id='word_1_223' title='bbox 367 3891 486 3974; x_wconf 84' lang='lat' dir='ltr'><strong>legitur</strong></span> <span class='ocrx_word' id='word_1_224' title='bbox 507 3887 549 3955; x_wconf 85' lang='grc' dir='ltr'><strong>τὰ</strong></span> <span class='ocrx_word' id='word_1_225' title='bbox 568 3883 686 3974; x_wconf 78' lang='grc' dir='ltr'><em>τέρπν’</em></span> <span class='ocrx_word' id='word_1_226' title='bbox 705 3883 805 3955; x_wconf 75' lang='grc' dir='ltr'><em>ἄνθε’</em></span> <span class='ocrx_word' id='word_1_227' title='bbox 826 3885 1037 3978; x_wconf 67' lang='grc' dir='ltr'><em>ἀφροδισίων</em></span> <span class='ocrx_word' id='word_1_228' title='bbox 1066 3893 1148 3974; x_wconf 86' lang='lat' dir='ltr'><strong>(nam</strong></span> <span class='ocrx_word' id='word_1_229' title='bbox 1170 3891 1204 3956; x_wconf 94' lang='lat' dir='ltr'><strong>in</strong></span> <span class='ocrx_word' id='word_1_230' title='bbox 1227 3891 1319 3956; x_wconf 92' lang='lat' dir='ltr'><strong>scho-</strong></span> 
     </span>
     <span class='ocr_line' id='line_1_34' title="bbox 182 3993 1320 4080; baseline -0.002 -19"><span class='ocrx_word' id='word_1_231' title='bbox 182 3998 225 4063; x_wconf 93' lang='lat' dir='ltr'><strong>lio</strong></span> <span class='ocrx_word' id='word_1_232' title='bbox 248 4015 373 4079; x_wconf 91' lang='lat' dir='ltr'><strong>quoque</strong></span> <span class='ocrx_word' id='word_1_233' title='bbox 395 4014 453 4079; x_wconf 91' lang='lat' dir='ltr'><strong>per</strong></span> <span class='ocrx_word' id='word_1_234' title='bbox 474 3993 687 4059; x_wconf 87' lang='lat' dir='ltr'><strong>minusculam</strong></span> <span class='ocrx_word' id='word_1_235' title='bbox 711 3993 808 4059; x_wconf 86' lang='lat' dir='ltr'><strong>scribi</strong></span> <span class='ocrx_word' id='word_1_236' title='bbox 830 3993 958 4074; x_wconf 69' lang='lat' dir='ltr'><strong>debeb:</strong></span> <span class='ocrx_word' id='word_1_237' title='bbox 985 3993 1073 4080; x_wconf 90' lang='lat' dir='ltr'><strong>quod</strong></span> <span class='ocrx_word' id='word_1_238' title='bbox 1095 3993 1123 4058; x_wconf 90' lang='lat' dir='ltr'><strong>si</strong></span> <span class='ocrx_word' id='word_1_239' title='bbox 1137 3993 1182 4078; x_wconf 89' lang='lat' dir='ltr'><strong>fit,</strong></span> <span class='ocrx_word' id='word_1_240' title='bbox 1209 4014 1320 4060; x_wconf 89' lang='lat' dir='ltr'><strong>revera</strong></span> 
     </span>
     <span class='ocr_line' id='line_1_35' title="bbox 181 4096 1320 4183; baseline -0.003 -18"><span class='ocrx_word' id='word_1_241' title='bbox 181 4101 262 4166; x_wconf 89' lang='lat' dir='ltr'><strong>haee</strong></span> <span class='ocrx_word' id='word_1_242' title='bbox 284 4098 384 4164; x_wconf 88' lang='lat' dir='ltr'><strong>verba</strong></span> <span class='ocrx_word' id='word_1_243' title='bbox 405 4097 486 4162; x_wconf 94' lang='lat' dir='ltr'><strong>nibil</strong></span> <span class='ocrx_word' id='word_1_244' title='bbox 510 4096 691 4181; x_wconf 84' lang='lat' dir='ltr'><strong>exprimunt</strong></span> <span class='ocrx_word' id='word_1_245' title='bbox 712 4096 775 4161; x_wconf 91' lang='lat' dir='ltr'><strong>nisi</strong></span> <span class='ocrx_word' id='word_1_246' title='bbox 802 4115 978 4163; x_wconf 67' lang='lat' dir='ltr'><strong>asummam</strong></span> <span class='ocrx_word' id='word_1_247' title='bbox 1001 4099 1200 4183; x_wconf 84' lang='lat' dir='ltr'><strong>voluptatem</strong></span> <span class='ocrx_word' id='word_1_248' title='bbox 1222 4115 1320 4162; x_wconf 87' lang='lat' dir='ltr'><strong>vene-</strong></span> 
     </span>
     <span class='ocr_line' id='line_1_36' title="bbox 182 4194 1320 4284; baseline -0.003 -16"><span class='ocrx_word' id='word_1_249' title='bbox 182 4223 301 4284; x_wconf 67' lang='lat' dir='ltr'><strong>ream«,</strong></span> <span class='ocrx_word' id='word_1_250' title='bbox 327 4202 373 4267; x_wconf 92' lang='lat' dir='ltr'><strong>ita</strong></span> <span class='ocrx_word' id='word_1_251' title='bbox 395 4199 479 4266; x_wconf 90' lang='lat' dir='ltr'><strong>enim</strong></span> <span class='ocrx_word' id='word_1_252' title='bbox 504 4199 693 4284; x_wconf 88' lang='lat' dir='ltr'><strong>saepissime</strong></span> <span class='ocrx_word' id='word_1_253' title='bbox 710 4199 868 4264; x_wconf 87' lang='lat' dir='ltr'><strong>Pindarus</strong></span> <span class='ocrx_word' id='word_1_254' title='bbox 885 4201 1098 4270; x_wconf 86' lang='lat' dir='ltr'><strong>substantivis</strong></span> <span class='ocrx_word' id='word_1_255' title='bbox 1115 4194 1232 4278; x_wconf 78' lang='grc' dir='ltr'><em>ἄωτος,</em></span> <span class='ocrx_word' id='word_1_256' title='bbox 1261 4195 1320 4265; x_wconf 77' lang='grc' dir='ltr'><em>ἄν·</em></span> 
     </span>
    </p>
   </div>
   <div class='ocr_carea' id='block_1_5' title="bbox 182 4297 1318 4389">
    <p class='ocr_par' dir='ltr' id='par_1_10' title="bbox 182 4297 1318 4389">
     <span class='ocr_line' id='line_1_37' title="bbox 182 4297 1318 4389; baseline 0 -20"><span class='ocrx_word' id='word_1_257' title='bbox 182 4311 257 4386; x_wconf 69' lang='grc' dir='ltr'><strong>θος,</strong></span> <span class='ocrx_word' id='word_1_258' title='bbox 285 4299 399 4388; x_wconf 72' lang='grc' dir='ltr'><em>ἄκρον,</em></span> <span class='ocrx_word' id='word_1_259' title='bbox 427 4297 514 4389; x_wconf 77' lang='grc' dir='ltr'><strong>ἀκμή</strong></span> <span class='ocrx_word' id='word_1_260' title='bbox 537 4303 636 4368; x_wconf 88' lang='lat' dir='ltr'><strong>utitur</strong></span> <span class='ocrx_word' id='word_1_261' title='bbox 658 4322 728 4368; x_wconf 91' lang='lat' dir='ltr'><strong>cum</strong></span> <span class='ocrx_word' id='word_1_262' title='bbox 744 4303 893 4386; x_wconf 83' lang='lat' dir='ltr'><strong>genetivo</strong></span> <span class='ocrx_word' id='word_1_263' title='bbox 910 4305 1088 4372; x_wconf 84' lang='lat' dir='ltr'><strong>coniunctis</strong></span> <span class='ocrx_word' id='word_1_264' title='bbox 1105 4303 1147 4368; x_wconf 90' lang='lat' dir='ltr'><strong>ad</strong></span> <span class='ocrx_word' id='word_1_265' title='bbox 1163 4323 1318 4369; x_wconf 91' lang='lat' dir='ltr'><strong>summum</strong></span> 
     </span>
    </p>
   </div>
   <div class='ocr_carea' id='block_1_6' title="bbox 0 0 1618 4932">
    <p class='ocr_par' dir='ltr' id='par_1_11' title="bbox 0 0 1618 4932">
     <span class='ocr_line' id='line_1_38' title="bbox 0 0 1618 4932; baseline 0 0"><span class='ocrx_word' id='word_1_266' title='bbox 0 0 1618 4932; x_wconf 95' lang='lat' dir='ltr'><strong> </strong></span> 
     </span>
    </p>
   </div>
  </div>
 </body>
</html>
