3274 4934
276 365 317 426 ιι
713 401 756 410 -
803 365 887 446 μοι]
935 401 978 409 -

274 559 386 637 ruptos
411 558 574 636 rogatores
598 553 775 620 obtinuisse
809 561 1052 638 coargueretur,
1085 541 1199 638 postea
1220 554 1342 619 irritum
1366 561 1417 620 est

276 655 406 722 lactum.
453 656 560 734 Quare
582 656 699 739 verbis,
738 677 820 741 quae
843 657 1011 742 exscripsi,
1045 658 1182 743 populus
1206 657 1331 723 senatui
1353 657 1415 722 irn-

276 765 377 845 perat‚
404 766 440 824 ut
461 760 602 842 inquirat
621 761 656 826 in
678 781 744 844 eos,
763 762 817 844 qui
834 760 877 827 ad
897 761 1094 844 rogationem
1111 761 1152 828 de
1168 761 1298 828 civitate
1314 763 1415 846 Apol-

276 861 378 928 lodori
400 863 564 930 serendam
587 863 755 949 pecuniam
779 865 978 950 acceperint,
1012 872 1044 931 et
1066 865 1106 932 dc
1129 865 1170 930 iis
1192 873 1249 931 aut
1269 866 1341 951 ipse
1362 867 1414 931 iu-

276 966 377 1050 dicet,
409 967 455 1033 ita
477 974 601 1049 tamen,
635 975 671 1034 ut
699 987 790 1034 suam
819 968 976 1034 multandi
1004 975 1194 1054 potestatem
1223 989 1286 1034 non
1308 975 1415 1034 uanu-

275 1070 457 1154 grediatur‚
499 1077 555 1136 aut
590 1089 646 1138 eos
682 1071 802 1138 iudicio
835 1071 1043 1138 heliustarum
1075 1073 1266 1139 iudicandos
1296 1073 1411 1138 tradat.

277 1173 399 1240 Iudicio
438 1182 545 1240 autem
575 1182 708 1241 senatus
737 1177 847 1261 procul
877 1175 974 1242 dubio
1008 1197 1063 1242 eos
1096 1177 1260 1260 tradebat,
1300 1177 1416 1260 quibus

278 1277 428 1344 maiorem
457 1279 590 1344 multam
613 1300 709 1362 quam
732 1280 978 1364 quingentarum
1001 1280 1223 1346 drachmarum
1249 1282 1416 1366 imponen-

206 1380 217 1392 ’
278 1380 352 1446 dam
376 1400 448 1447 esse
471 1388 626 1448 censeret.
673 1383 807 1450 Constat
829 1383 914 1450 enim
937 1404 1021 1466 eum,
1053 1385 1108 1468 qui
1132 1385 1338 1470 δωροδοκίας
1360 1405 1415 1450 ac-

277 1491 407 1552 cusatus
438 1491 470 1551 et
499 1485 726 1552 condemnatus
756 1493 840 1568 erat,
877 1494 934 1553 aut
962 1487 1099 1572 pecunia
1121 1495 1178 1554 aut
1199 1487 1416 1574 publicatione

277 1589 431 1654 bonorum
454 1595 510 1655 aut
531 1596 632 1656 morte
653 1591 822 1656 multatum
847 1611 919 1656 esse
933 1593 967 1675 ¹),
994 1597 1140 1656 senatum
1159 1599 1265 1658 autem
1282 1593 1414 1657 multam

277 1692 461 1775 quingentis
491 1693 652 1759 drachmis
689 1693 842 1760 maiorem
876 1693 996 1759 nemini
1028 1694 1191 1779 imponere
1224 1695 1414 1778 potuisses.

277 1797 326 1860 lla
347 1803 454 1862 autern
477 1805 527 1863 cst
546 1798 626 1864 ratio
646 1796 856 1883 εἰσαγγελίας
871 1818 954 1882 quac
970 1803 1102 1864 vocatur
1122 1797 1155 1862 in
1180 1805 1292 1864 senatu
1309 1804 1413 1880 actae,

277 1901 403 1981 qualem
427 1899 579 1966 describit
605 1901 797 1984 [Demostlr.]
823 1901 897 1966 adv.
924 1903 1042 1985 Euerg.
1068 1909 1100 1967 et
1121 1901 1258 1968 Mnesib.
1283 1907 1335 1984 43,
1361 1901 1419 1967 ubi

278 2010 392 2084 orator,
418 2011 586 2090 postquam
610 2003 822 2089 εἰσαγγελίαν
845 2023 936 2070 suam
959 2005 992 2070 in
1008 2004 1248 2090 Theophemum
1274 2005 1415 2071 delatam

279 2129 300 2172 a
322 2113 436 2172 senatu
459 2114 623 2192 acceptam
646 2127 719 2174 esse
744 2107 835 2192 dixit,
862 2107 909 2174 sic
931 2109 1053 2193 pergit:
1086 2109 1143 2172 καὶ
1166 2105 1282 2196 ἐπειδὴ
1307 2108 1344 2174 ἐν
1370 2116 1419 2194 ιη’,

279 2209 542 2294 διαχειροτονεῖν
575 2200 616 2297 ἦν
646 2203 663 2297 ἦ
694 2207 798 2298 βουλὴ
822 2208 951 2297 πότερα
975 2210 1179 2298 δικαστηρίῳ
1203 2211 1373 2297 παραδοίη
1398 2207 1417 2298 ἢ

280 2309 455 2400 ζημιώσειε
485 2324 560 2389 ταῖς
590 2317 845 2396 πεντακοσίαις,
879 2308 962 2379 ὅσου
985 2303 1025 2402 ἦν
1048 2319 1146 2400 κυρία
1169 2312 1256 2378 κατὰ
1278 2312 1338 2380 τὸν
1359 2312 1420 2380 νδ-

278 2421 372 2500 μονί)
397 2470 402 2482 .
425 2470 431 2482 .
452 2469 458 2482 .
486 2417 581 2483 Certe
603 2438 674 2484 cum
698 2417 748 2483 his
764 2419 860 2503 plane
876 2419 1078 2484 consentiunt
1092 2419 1151 2484 illu
1167 2417 1286 2485 decreti
1303 2419 1414 2502 verba,

278 2541 363 2605 quae
385 2542 484 2607 supra
505 2521 614 2588 attuli:
642 2521 698 2586 καὶ
717 2519 873 2602 κολάζειν
895 2528 961 2588 τῶν
983 2519 1291 2610 διοροδοκησδντων
1313 2547 1418 2591 κατα-

280 2624 519 2712 ψηφιζομὲνην
540 2627 597 2690 καὶ
620 2625 668 2702 εἰς
690 2623 907 2713 δικαστήριον
930 2620 1053 2703 αὐτοὺς
1075 2624 1224 2712 εἰσάγειν
1238 2624 1359 2692 καθότι
1375 2621 1419 2692 ἂν

279 2730 359 2814 δοκῇ
383 2723 478 2814 αὐτῇ.
511 2730 583 2795 Nisi
605 2730 690 2813 quod
712 2731 876 2814 singulare
898 2731 932 2795 iu
954 2730 1016 2796 hac
1031 2730 1216 2816 Apollodori
1240 2750 1340 2796 causa
1361 2751 1419 2796 ae-

279 2834 368 2915 cidit,
393 2833 478 2917 quod
497 2834 634 2920 populus
650 2834 722 2919 ipse
738 2835 895 2900 actionem
912 2833 1119 2919 δωροδοκίας
1134 2834 1177 2900 ad
1194 2840 1341 2901 senatum
1357 2834 1421 2900 fert

279 2939 373 3023 eique
395 2936 601 3004 iudicandam
625 2937 767 3004 mandat.

343 3041 493 3125 Senatus,
513 3041 542 3108 si
553 3039 744 3128 εἰσαγγελία
760 3041 803 3108 ad
819 3062 892 3108 eum
908 3041 1017 3108 delata
1031 3048 1110 3123 erat,
1124 3040 1343 3125 quaestionem
1360 3041 1421 3106 lra-

281 3147 384 3227 bebat,
406 3165 477 3212 reus
493 3151 597 3211 utrum
616 3145 747 3211 crimine
762 3151 925 3212 teneretur
940 3165 1050 3226 necue,
1069 3145 1159 3210 cuius
1175 3145 1220 3210 rei
1236 3145 1421 3229 exemplum

279 3249 393 3317 eadem
415 3249 516 3316 oratio
540 3249 600 3315 illa
625 3249 658 3314 in
674 3251 837 3334 Euergum
861 3255 893 3316 et
912 3249 1129 3314 Mnesibulum
1152 3249 1264 3316 habitu
1286 3248 1422 3332 praebet

285 3356 367 3438 llll:
395 3357 576 3440 γενομένης
592 3357 706 3419 τοίνυν
724 3360 782 3439 της
799 3356 939 3437 κρίσεως
957 3358 1004 3437 τῷ
1021 3351 1193 3439 Θεοφήμῳ
1210 3350 1246 3420 ε’ν,
1262 3357 1299 3435 τῇ
1315 3350 1421 3436 βουλῇ

280 3453 366 3520 κατὰ
389 3453 450 3542 τὴν
472 3454 694 3540 εἰσαγγελίαν,
721 3453 762 3542 ἢν
785 3453 849 3539 ἐγὼ
870 3451 1079 3541 εἰσήγγειλα,
1111 3455 1167 3519 καί
1191 3448 1422 3530 ἀποδοθέντος

280 3555 383 3643 λόγου
413 3557 559 3644 ἑκατέρην
591 3558 648 3623 καὶ
676 3555 825 3646 κρύβδην
856 3563 1107 3645 ψηφισαμένων
1129 3564 1195 3624 τῶν
1216 3556 1418 3640 βουλευτῶν,

281 3719 483 3730 ..---

349 3822 366 3882 ¹l
388 3819 432 3876 cl.
452 3819 739 3876 Molee-Schoeneida
759 3820 785 3872 d.
808 3821 865 3873 Att.
888 3817 965 3871 Pron
986 3819 1044 3870 352.

347 3927 367 3986 a)
387 3924 432 3982 cf.
446 3923 587 3994 Sieglried
602 3925 638 3979 de
651 3923 739 3980 multa
758 3939 830 3994 quae
842 3918 957 3991 ίαιμσλή
969 3929 1088 3978 vocatur
1104 3921 1204 3984 (Berol.
1224 3921 1297 3984 isid)
1317 3937 1344 3989 p.
1357 3922 1400 3974 lu.

347 4031 366 4092 ³)
389 4027 433 4084 CI.
454 4027 525 4083 Poll.
548 4029 616 4084 VIII
635 4031 680 4081 51:
708 4028 771 4100 περὶ
796 4017 835 4079 ὧν
858 4025 910 4079 οὐκ
933 4024 989 4079 εἶσὶ
1015 4023 1106 4096 νόμοι,
1129 4023 1235 4078 ιἰδικιῠν
1252 4023 1283 4077 δι’
1302 4039 1341 4080 τις
1360 4019 1423 4076 ἁλί-

281 4133 375 4170 σκεται
388 4113 403 4180 ἢ
417 4111 514 4187 ἄρχων
532 4113 547 4180 ἢ
566 4111 664 4187 ῥήτωρ,
685 4112 725 4172 είς
744 4111 794 4179 τὴν
811 4111 914 4182 μανίην
932 4110 1097 4180 εἰσαγγελία
1116 4111 1224 4164 δίδοται
1244 4107 1301 4162 κατ’
1320 4107 1420 4167 αὐτοῦ,

278 4202 332 4256 κᾶν
348 4202 403 4274 μὲν
419 4203 520 4276 μέτρια
539 4199 646 4256 ιἰιίικεῖν
666 4202 740 4271 δοκῇ,
769 4197 887 4268 leonti
907 4203 1028 4252 ποιεῖται
1047 4198 1146 4270 ζημίας
1164 4193 1305 4266 ἐπιβολὴν,
1336 4193 1373 4245 ἂν
1391 4195 1421 4252 δὲ

277 4293 373 4366 μείζω,
393 4291 571 4366 παραδίδωσι
593 4289 770 4361 δικαστηρίῳ.
