<?xml version="1.0" encoding="UTF-8"?>
<!DOCTYPE html PUBLIC "-//W3C//DTD XHTML 1.0 Transitional//EN"
    "http://www.w3.org/TR/xhtml1/DTD/xhtml1-transitional.dtd">
<html xmlns="http://www.w3.org/1999/xhtml" xml:lang="en" lang="en">
 <head>
  <title>
</title>
<meta http-equiv="Content-Type" content="text/html;charset=utf-8" />
  <meta name='ocr-system' content='tesseract 3.04.00' />
  <meta name='ocr-capabilities' content='ocr_page ocr_carea ocr_par ocr_line ocrx_word'/>
</head>
<body>
  <div class='ocr_page' id='page_1' title='image "./dissertationesp02stragoog_0253.png"; bbox 0 0 3238 4930; ppageno 0'>
   <div class='ocr_carea' id='block_1_1' title="bbox 278 500 898 584">
    <p class='ocr_par' dir='ltr' id='par_1_1' title="bbox 278 500 898 584">
     <span class='ocr_line' id='line_1_1' title="bbox 278 500 898 584; baseline -0.006 -21"><span class='ocrx_word' id='word_1_1' title='bbox 278 504 320 565; x_wconf 76' lang='lat' dir='ltr'><strong>eo</strong></span> <span class='ocrx_word' id='word_1_2' title='bbox 805 500 898 584; x_wconf 72' lang='lat' dir='ltr'><strong>[aas]</strong></span> 
     </span>
    </p>
   </div>
   <div class='ocr_carea' id='block_1_2' title="bbox 278 687 1418 1704">
    <p class='ocr_par' dir='ltr' id='par_1_2' title="bbox 278 687 1418 1704">
     <span class='ocr_line' id='line_1_2' title="bbox 279 687 1416 775; baseline -0.008 -17"><span class='ocrx_word' id='word_1_3' title='bbox 279 691 337 774; x_wconf 65' lang='grc' dir='ltr'><strong>τήν</strong></span> <span class='ocrx_word' id='word_1_4' title='bbox 357 694 415 774; x_wconf 72' lang='grc' dir='ltr'><strong>μὶν</strong></span> <span class='ocrx_word' id='word_1_5' title='bbox 429 691 607 775; x_wconf 46' lang='lat' dir='ltr'><strong>dopmno</strong></span> <span class='ocrx_word' id='word_1_6' title='bbox 622 697 690 773; x_wconf 73' lang='lat' dir='ltr'><strong>napi</strong></span> <span class='ocrx_word' id='word_1_7' title='bbox 705 691 770 768; x_wconf 73' lang='grc' dir='ltr'><strong>ἓνὸς</strong></span> <span class='ocrx_word' id='word_1_8' title='bbox 785 693 925 772; x_wconf 75' lang='grc' dir='ltr'><strong>γίνισθαι</strong></span> <span class='ocrx_word' id='word_1_9' title='bbox 944 690 1137 771; x_wconf 73' lang='grc' dir='ltr'><em>πράγματος,</em></span> <span class='ocrx_word' id='word_1_10' title='bbox 1153 687 1212 771; x_wconf 70' lang='grc' dir='ltr'><strong>τήν</strong></span> <span class='ocrx_word' id='word_1_11' title='bbox 1225 689 1260 752; x_wconf 75' lang='lat' dir='ltr'><strong>di</strong></span> <span class='ocrx_word' id='word_1_12' title='bbox 1275 691 1416 767; x_wconf 76' lang='lat' dir='ltr'><strong>napur&#39;re·</strong></span> 
     </span>
     <span class='ocr_line' id='line_1_3' title="bbox 278 791 1416 882; baseline -0.009 -20"><span class='ocrx_word' id='word_1_13' title='bbox 278 822 327 863; x_wconf 76' lang='lat' dir='ltr'><strong>oar</strong></span> <span class='ocrx_word' id='word_1_14' title='bbox 348 801 416 876; x_wconf 72' lang='grc' dir='ltr'><strong>περὶ</strong></span> <span class='ocrx_word' id='word_1_15' title='bbox 438 795 593 861; x_wconf 68' lang='lat' dir='ltr'><strong>niridano·</strong></span> <span class='ocrx_word' id='word_1_16' title='bbox 623 799 672 860; x_wconf 75' lang='lat' dir='ltr'><strong>aui</strong></span> <span class='ocrx_word' id='word_1_17' title='bbox 698 803 742 882; x_wconf 75' lang='lat' dir='ltr'><strong>cpi</strong></span> <span class='ocrx_word' id='word_1_18' title='bbox 767 795 825 878; x_wconf 77' lang='grc' dir='ltr'><strong>τήν</strong></span> <span class='ocrx_word' id='word_1_19' title='bbox 844 795 902 874; x_wconf 64' lang='grc' dir='ltr'><strong>μὲι</strong></span> <span class='ocrx_word' id='word_1_20' title='bbox 924 791 1100 875; x_wconf 59' lang='grc' dir='ltr'><strong>στμβονλᾷι</strong></span> <span class='ocrx_word' id='word_1_21' title='bbox 1122 793 1196 872; x_wconf 71' lang='grc' dir='ltr'><strong>πρός</strong></span> <span class='ocrx_word' id='word_1_22' title='bbox 1219 793 1328 874; x_wconf 75' lang='grc' dir='ltr'><strong><em>,τρὸξίν</em></strong></span> <span class='ocrx_word' id='word_1_23' title='bbox 1350 816 1416 852; x_wconf 80' lang='lat' dir='ltr'><strong>trra</strong></span> 
     </span>
     <span class='ocr_line' id='line_1_4' title="bbox 279 893 1418 982; baseline -0.008 -18"><span class='ocrx_word' id='word_1_24' title='bbox 279 907 342 964; x_wconf 76' lang='lat' dir='ltr'><strong>mir</strong></span> <span class='ocrx_word' id='word_1_25' title='bbox 370 898 492 977; x_wconf 72' lang='grc' dir='ltr'><em>ἔξωθεν</em></span> <span class='ocrx_word' id='word_1_26' title='bbox 513 903 664 982; x_wconf 67' lang='grc' dir='ltr'><strong><em>γίνεσθαι,</em></strong></span> <span class='ocrx_word' id='word_1_27' title='bbox 690 894 757 962; x_wconf 75' lang='grc' dir='ltr'><strong><em>οἷον</em></strong></span> <span class='ocrx_word' id='word_1_28' title='bbox 779 897 908 976; x_wconf 74' lang='grc' dir='ltr'><strong>πότεροι</strong></span> <span class='ocrx_word' id='word_1_29' title='bbox 930 896 1011 974; x_wconf 73' lang='grc' dir='ltr'><strong><em>ἄξιός</em></strong></span> <span class='ocrx_word' id='word_1_30' title='bbox 1041 897 1105 960; x_wconf 74' lang='lat' dir='ltr'><strong>r&#39;orr</strong></span> <span class='ocrx_word' id='word_1_31' title='bbox 1128 895 1200 958; x_wconf 73' lang='grc' dir='ltr'><strong>τόδε</strong></span> <span class='ocrx_word' id='word_1_32' title='bbox 1223 922 1250 958; x_wconf 86' lang='grc' dir='ltr'><strong>τι</strong></span> <span class='ocrx_word' id='word_1_33' title='bbox 1273 893 1418 974; x_wconf 70' lang='grc' dir='ltr'><strong>πράττειν</strong></span> 
     </span>
     <span class='ocr_line' id='line_1_5' title="bbox 279 999 1416 1087; baseline -0.01 -18"><span class='ocrx_word' id='word_1_34' title='bbox 279 1001 379 1087; x_wconf 81' lang='grc' dir='ltr'><strong>ἧμή,</strong></span> <span class='ocrx_word' id='word_1_35' title='bbox 402 1003 461 1086; x_wconf 68' lang='grc' dir='ltr'><strong>τήν</strong></span> <span class='ocrx_word' id='word_1_36' title='bbox 479 1005 513 1067; x_wconf 72' lang='lat' dir='ltr'><strong>di</strong></span> <span class='ocrx_word' id='word_1_37' title='bbox 534 1003 773 1084; x_wconf 75' lang='grc' dir='ltr'><strong><em>παραίνεσιν</em></strong></span> <span class='ocrx_word' id='word_1_38' title='bbox 795 999 889 1082; x_wconf 72' lang='grc' dir='ltr'><strong>πρός</strong></span> <span class='ocrx_word' id='word_1_39' title='bbox 914 999 1042 1084; x_wconf 75' lang='grc' dir='ltr'><strong><em>ἦθοι·ς</em></strong></span> <span class='ocrx_word' id='word_1_40' title='bbox 1064 999 1293 1080; x_wconf 60' lang='lat' dir='ltr'><strong>seps-uptus</strong></span> <span class='ocrx_word' id='word_1_41' title='bbox 1321 1024 1416 1077; x_wconf 74' lang='lat' dir='ltr'><strong>aupa-</strong></span> 
     </span>
     <span class='ocr_line' id='line_1_6' title="bbox 279 1101 1417 1194; baseline -0.009 -23"><span class='ocrx_word' id='word_1_42' title='bbox 279 1103 503 1188; x_wconf 69' lang='grc' dir='ltr'><strong>λαμβιὶνισθαι·</strong></span> <span class='ocrx_word' id='word_1_43' title='bbox 528 1111 578 1170; x_wconf 76' lang='grc' dir='ltr'><strong>καὶ</strong></span> <span class='ocrx_word' id='word_1_44' title='bbox 598 1112 644 1194; x_wconf 74' lang='grc' dir='ltr'><strong>τῷ</strong></span> <span class='ocrx_word' id='word_1_45' title='bbox 673 1103 731 1188; x_wconf 72' lang='grc' dir='ltr'><strong>τήν</strong></span> <span class='ocrx_word' id='word_1_46' title='bbox 758 1106 815 1186; x_wconf 65' lang='grc' dir='ltr'><strong>μὲν</strong></span> <span class='ocrx_word' id='word_1_47' title='bbox 841 1107 1014 1184; x_wconf 76' lang='grc' dir='ltr'><strong><em>παραίνεσιν</em></strong></span> <span class='ocrx_word' id='word_1_48' title='bbox 1044 1101 1141 1184; x_wconf 76' lang='grc' dir='ltr'><em>πρὸς</em></span> <span class='ocrx_word' id='word_1_49' title='bbox 1170 1101 1239 1165; x_wconf 72' lang='grc' dir='ltr'><strong>ἕνα</strong></span> <span class='ocrx_word' id='word_1_50' title='bbox 1268 1103 1417 1182; x_wconf 59' lang='grc' dir='ltr'><strong>γίνεσθαι,</strong></span> 
     </span>
     <span class='ocr_line' id='line_1_7' title="bbox 279 1203 1418 1292; baseline -0.006 -20"><span class='ocrx_word' id='word_1_51' title='bbox 279 1207 339 1292; x_wconf 79' lang='grc' dir='ltr'><strong>τήν</strong></span> <span class='ocrx_word' id='word_1_52' title='bbox 360 1208 539 1292; x_wconf 71' lang='grc' dir='ltr'><strong><em>συμβουλήν</em></strong></span> <span class='ocrx_word' id='word_1_53' title='bbox 559 1211 594 1272; x_wconf 79' lang='grc' dir='ltr'><strong>δὲ</strong></span> <span class='ocrx_word' id='word_1_54' title='bbox 617 1235 690 1291; x_wconf 76' lang='grc' dir='ltr'><strong>προς</strong></span> <span class='ocrx_word' id='word_1_55' title='bbox 712 1207 848 1285; x_wconf 66' lang='grc' dir='ltr'><strong>πολλοῖς·</strong></span> <span class='ocrx_word' id='word_1_56' title='bbox 883 1211 930 1271; x_wconf 78' lang='grc' dir='ltr'><strong>καὶ</strong></span> <span class='ocrx_word' id='word_1_57' title='bbox 950 1205 969 1289; x_wconf 87' lang='lat' dir='ltr'><strong>&#39;l</strong></span> <span class='ocrx_word' id='word_1_58' title='bbox 989 1209 1048 1286; x_wconf 73' lang='grc' dir='ltr'><strong>μὲν</strong></span> <span class='ocrx_word' id='word_1_59' title='bbox 1068 1203 1228 1286; x_wconf 62' lang='grc' dir='ltr'><strong>συμβουλή</strong></span> <span class='ocrx_word' id='word_1_60' title='bbox 1244 1204 1418 1284; x_wconf 66' lang='grc' dir='ltr'><strong>ἀντιλογίαν</strong></span> 
     </span>
     <span class='ocr_line' id='line_1_8' title="bbox 279 1307 1417 1396; baseline -0.007 -20"><span class='ocrx_word' id='word_1_61' title='bbox 279 1311 458 1395; x_wconf 60' lang='grc' dir='ltr'><strong>ἐπιδέχεται,</strong></span> <span class='ocrx_word' id='word_1_62' title='bbox 482 1309 546 1377; x_wconf 83' lang='grc' dir='ltr'><strong><em>οἷον</em></strong></span> <span class='ocrx_word' id='word_1_63' title='bbox 567 1313 614 1376; x_wconf 76' lang='lat' dir='ltr'><strong>ein</strong></span> <span class='ocrx_word' id='word_1_64' title='bbox 636 1312 672 1376; x_wconf 79' lang='lat' dir='ltr'><strong>oi·</strong></span> <span class='ocrx_word' id='word_1_65' title='bbox 695 1311 755 1396; x_wconf 68' lang='grc' dir='ltr'><strong>χρή</strong></span> <span class='ocrx_word' id='word_1_66' title='bbox 774 1319 907 1394; x_wconf 66' lang='grc' dir='ltr'><strong>βοηθεῖν</strong></span> <span class='ocrx_word' id='word_1_67' title='bbox 929 1310 1117 1385; x_wconf 73' lang='grc' dir='ltr'><em>Ὀλυνθίοις·</em></span> <span class='ocrx_word' id='word_1_68' title='bbox 1146 1307 1165 1392; x_wconf 74' lang='grc' dir='ltr'><em>ἡ</em></span> <span class='ocrx_word' id='word_1_69' title='bbox 1198 1310 1230 1372; x_wconf 72' lang='grc' dir='ltr'><strong>δὲ</strong></span> <span class='ocrx_word' id='word_1_70' title='bbox 1245 1309 1417 1388; x_wconf 61' lang='grc' dir='ltr'><strong>παριένεσις</strong></span> 
     </span>
     <span class='ocr_line' id='line_1_9' title="bbox 281 1409 1417 1499; baseline -0.006 -19"><span class='ocrx_word' id='word_1_71' title='bbox 281 1414 327 1480; x_wconf 76' lang='lat' dir='ltr'><strong>oii&#39;</strong></span> <span class='ocrx_word' id='word_1_72' title='bbox 351 1410 418 1479; x_wconf 78' lang='grc' dir='ltr'><strong>οἷον</strong></span> <span class='ocrx_word' id='word_1_73' title='bbox 438 1413 500 1499; x_wconf 75' lang='grc' dir='ltr'><strong>χρὴ</strong></span> <span class='ocrx_word' id='word_1_74' title='bbox 526 1415 561 1480; x_wconf 79' lang='lat' dir='ltr'><strong>td</strong></span> <span class='ocrx_word' id='word_1_75' title='bbox 584 1423 672 1481; x_wconf 76' lang='grc' dir='ltr'><strong><em>θεῖοι</em></strong></span> <span class='ocrx_word' id='word_1_76' title='bbox 692 1416 802 1494; x_wconf 68' lang='grc' dir='ltr'><strong>σέβειν,</strong></span> <span class='ocrx_word' id='word_1_77' title='bbox 832 1423 929 1496; x_wconf 76' lang='grc' dir='ltr'><strong><em>γονιῐς</em></strong></span> <span class='ocrx_word' id='word_1_78' title='bbox 951 1421 1050 1494; x_wconf 76' lang='grc' dir='ltr'><strong><em>τιμᾶν.</em></strong></span> <span class='ocrx_word' id='word_1_79' title='bbox 1075 1449 1114 1459; x_wconf 89' lang='lat'><strong>—-</strong></span> <span class='ocrx_word' id='word_1_80' title='bbox 1131 1413 1282 1478; x_wconf 80' lang='lat' dir='ltr'><strong>Similiter</strong></span> <span class='ocrx_word' id='word_1_81' title='bbox 1298 1409 1417 1474; x_wconf 83' lang='lat' dir='ltr'><strong>Suidas</strong></span> 
     </span>
     <span class='ocr_line' id='line_1_10' title="bbox 280 1515 1418 1606; baseline -0.008 -22"><span class='ocrx_word' id='word_1_82' title='bbox 280 1543 303 1586; x_wconf 78' lang='lat' dir='ltr'><strong>s.</strong></span> <span class='ocrx_word' id='word_1_83' title='bbox 333 1539 363 1584; x_wconf 78' lang='lat' dir='ltr'><strong>v.</strong></span> <span class='ocrx_word' id='word_1_84' title='bbox 400 1522 581 1600; x_wconf 65' lang='grc' dir='ltr'><strong><em>παραίνεσις.</em></strong></span> <span class='ocrx_word' id='word_1_85' title='bbox 642 1519 827 1606; x_wconf 76' lang='lat' dir='ltr'><strong>Hesychius</strong></span> <span class='ocrx_word' id='word_1_86' title='bbox 857 1527 890 1582; x_wconf 79' lang='lat' dir='ltr'><strong>el</strong></span> <span class='ocrx_word' id='word_1_87' title='bbox 919 1517 1035 1582; x_wconf 80' lang='lat' dir='ltr'><strong>Suidus</strong></span> <span class='ocrx_word' id='word_1_88' title='bbox 1063 1515 1228 1598; x_wconf 74' lang='grc' dir='ltr'><strong><em>ι’·ποθὴκην</em></strong></span> <span class='ocrx_word' id='word_1_89' title='bbox 1257 1535 1327 1581; x_wconf 77' lang='lat' dir='ltr'><strong>esse</strong></span> <span class='ocrx_word' id='word_1_90' title='bbox 1361 1539 1418 1576; x_wconf 82' lang='grc' dir='ltr'><strong>πα·</strong></span> 
     </span>
     <span class='ocr_line' id='line_1_11' title="bbox 283 1623 559 1704; baseline 0.007 -18"><span class='ocrx_word' id='word_1_91' title='bbox 283 1623 414 1704; x_wconf 76' lang='lat' dir='ltr'><strong>pulrrorr</strong></span> <span class='ocrx_word' id='word_1_92' title='bbox 437 1623 559 1688; x_wconf 75' lang='lat' dir='ltr'><strong>volunt.</strong></span> 
     </span>
    </p>
   </div>
   <div class='ocr_carea' id='block_1_3' title="bbox 788 1831 912 1914">
    <p class='ocr_par' dir='ltr' id='par_1_3' title="bbox 788 1831 912 1914">
     <span class='ocr_line' id='line_1_12' title="bbox 788 1831 912 1914; baseline 0.008 -19"><span class='ocrx_word' id='word_1_93' title='bbox 788 1832 806 1914; x_wconf 68' lang='grc' dir='ltr'><strong>ς</strong></span> <span class='ocrx_word' id='word_1_94' title='bbox 830 1831 912 1896; x_wconf 88' lang='lat' dir='ltr'><strong>nn.</strong></span> 
     </span>
    </p>
   </div>
   <div class='ocr_carea' id='block_1_4' title="bbox 280 2035 1419 2436">
    <p class='ocr_par' dir='ltr' id='par_1_4' title="bbox 280 2035 1419 2436">
     <span class='ocr_line' id='line_1_13' title="bbox 384 2035 1418 2123; baseline -0.006 -21"><span class='ocrx_word' id='word_1_95' title='bbox 384 2039 533 2105; x_wconf 78' lang='lat' dir='ltr'><strong>Vidimus</strong></span> <span class='ocrx_word' id='word_1_96' title='bbox 549 2040 589 2104; x_wconf 88' lang='lat' dir='ltr'><strong>de</strong></span> <span class='ocrx_word' id='word_1_97' title='bbox 604 2062 664 2106; x_wconf 88' lang='lat' dir='ltr'><strong>usn</strong></span> <span class='ocrx_word' id='word_1_98' title='bbox 684 2041 925 2111; x_wconf 77' lang='lat' dir='ltr'><strong>vocabulorum,</strong></span> <span class='ocrx_word' id='word_1_99' title='bbox 948 2047 984 2104; x_wconf 90' lang='lat' dir='ltr'><strong>ut</strong></span> <span class='ocrx_word' id='word_1_100' title='bbox 1007 2040 1115 2123; x_wconf 79' lang='lat' dir='ltr'><strong>paucis</strong></span> <span class='ocrx_word' id='word_1_101' title='bbox 1138 2035 1418 2122; x_wconf 81' lang='lat' dir='ltr'><strong>eomprehendam,</strong></span> 
     </span>
     <span class='ocr_line' id='line_1_14' title="bbox 281 2137 1418 2228; baseline -0.005 -22"><span class='ocrx_word' id='word_1_102' title='bbox 281 2143 411 2208; x_wconf 86' lang='lat' dir='ltr'><strong>horum:</strong></span> <span class='ocrx_word' id='word_1_103' title='bbox 441 2143 577 2228; x_wconf 82' lang='lat' dir='ltr'><strong>hymnus</strong></span> <span class='ocrx_word' id='word_1_104' title='bbox 607 2163 710 2227; x_wconf 86' lang='lat' dir='ltr'><strong>paean</strong></span> <span class='ocrx_word' id='word_1_105' title='bbox 738 2143 869 2208; x_wconf 88' lang='lat' dir='ltr'><strong>thronus</strong></span> <span class='ocrx_word' id='word_1_106' title='bbox 897 2141 1061 2228; x_wconf 76' lang='lat' dir='ltr'><strong>palinodia</strong></span> <span class='ocrx_word' id='word_1_107' title='bbox 1087 2141 1309 2204; x_wconf 85' lang='lat' dir='ltr'><strong>encomiastioe</strong></span> <span class='ocrx_word' id='word_1_108' title='bbox 1333 2137 1418 2200; x_wconf 84' lang='lat' dir='ltr'><strong>dieu·</strong></span> 
     </span>
     <span class='ocr_line' id='line_1_15' title="bbox 280 2240 1415 2331; baseline -0.005 -21"><span class='ocrx_word' id='word_1_109' title='bbox 280 2247 350 2310; x_wconf 85' lang='lat' dir='ltr'><strong>nioe</strong></span> <span class='ocrx_word' id='word_1_110' title='bbox 379 2245 614 2331; x_wconf 86' lang='lat' dir='ltr'><strong>symbuleutice</strong></span> <span class='ocrx_word' id='word_1_111' title='bbox 646 2247 842 2331; x_wconf 83' lang='lat' dir='ltr'><strong>protreptioe</strong></span> <span class='ocrx_word' id='word_1_112' title='bbox 865 2247 984 2310; x_wconf 83' lang='lat' dir='ltr'><strong>orotioe</strong></span> <span class='ocrx_word' id='word_1_113' title='bbox 1013 2245 1240 2309; x_wconf 88' lang='lat' dir='ltr'><strong>enthusiastioe</strong></span> <span class='ocrx_word' id='word_1_114' title='bbox 1272 2240 1415 2306; x_wconf 80' lang='lat' dir='ltr'><strong>euchari·</strong></span> 
     </span>
     <span class='ocr_line' id='line_1_16' title="bbox 281 2343 1419 2436; baseline -0.005 -21"><span class='ocrx_word' id='word_1_115' title='bbox 281 2350 360 2416; x_wconf 88' lang='lat' dir='ltr'><strong>stioe</strong></span> <span class='ocrx_word' id='word_1_116' title='bbox 383 2351 506 2415; x_wconf 81' lang='lat' dir='ltr'><strong>suetiae</strong></span> <span class='ocrx_word' id='word_1_117' title='bbox 535 2351 736 2435; x_wconf 88' lang='lat' dir='ltr'><strong>proseuctioe</strong></span> <span class='ocrx_word' id='word_1_118' title='bbox 760 2349 966 2436; x_wconf 78' lang='lat' dir='ltr'><strong>hypothetice</strong></span> <span class='ocrx_word' id='word_1_119' title='bbox 989 2349 1190 2434; x_wconf 85' lang='lat' dir='ltr'><strong>paraenetiee</strong></span> <span class='ocrx_word' id='word_1_120' title='bbox 1220 2343 1419 2431; x_wconf 85' lang='lat' dir='ltr'><strong>prosphone-</strong></span> 
     </span>
    </p>
   </div>
   <div class='ocr_carea' id='block_1_5' title="bbox 280 2451 1421 3474">
    <p class='ocr_par' dir='ltr' id='par_1_5' title="bbox 280 2451 1421 3474">
     <span class='ocr_line' id='line_1_17' title="bbox 282 2451 1419 2541; baseline -0.004 -24"><span class='ocrx_word' id='word_1_121' title='bbox 282 2454 354 2520; x_wconf 87' lang='lat' dir='ltr'><strong>tioe.</strong></span> <span class='ocrx_word' id='word_1_122' title='bbox 400 2452 579 2541; x_wconf 77' lang='lat' dir='ltr'><strong>Supersunt</strong></span> <span class='ocrx_word' id='word_1_123' title='bbox 602 2456 758 2519; x_wconf 82' lang='lat' dir='ltr'><strong>voeabula</strong></span> <span class='ocrx_word' id='word_1_124' title='bbox 781 2454 940 2540; x_wconf 84' lang='lat' dir='ltr'><strong>quaedam</strong></span> <span class='ocrx_word' id='word_1_125' title='bbox 963 2475 1044 2538; x_wconf 86' lang='lat' dir='ltr'><strong>quae</strong></span> <span class='ocrx_word' id='word_1_126' title='bbox 1067 2473 1174 2535; x_wconf 85' lang='lat' dir='ltr'><strong>neque</strong></span> <span class='ocrx_word' id='word_1_127' title='bbox 1197 2451 1345 2535; x_wconf 80' lang='lat' dir='ltr'><strong>poeticae</strong></span> <span class='ocrx_word' id='word_1_128' title='bbox 1363 2469 1419 2513; x_wconf 89' lang='lat' dir='ltr'><strong>ne·</strong></span> 
     </span>
     <span class='ocr_line' id='line_1_18' title="bbox 281 2555 1419 2644; baseline -0.006 -22"><span class='ocrx_word' id='word_1_129' title='bbox 281 2577 344 2642; x_wconf 86' lang='lat' dir='ltr'><strong>quo</strong></span> <span class='ocrx_word' id='word_1_130' title='bbox 366 2557 544 2623; x_wconf 73' lang='lat' dir='ltr'><strong>rhetoricae</strong></span> <span class='ocrx_word' id='word_1_131' title='bbox 566 2560 643 2622; x_wconf 89' lang='lat' dir='ltr'><strong>artis</strong></span> <span class='ocrx_word' id='word_1_132' title='bbox 661 2559 789 2644; x_wconf 87' lang='lat' dir='ltr'><strong>propria</strong></span> <span class='ocrx_word' id='word_1_133' title='bbox 811 2569 901 2622; x_wconf 87' lang='lat' dir='ltr'><strong>sunt:</strong></span> <span class='ocrx_word' id='word_1_134' title='bbox 925 2579 1009 2644; x_wconf 88' lang='lat' dir='ltr'><strong>quae</strong></span> <span class='ocrx_word' id='word_1_135' title='bbox 1025 2579 1066 2622; x_wconf 79' lang='lat' dir='ltr'><strong>en</strong></span> <span class='ocrx_word' id='word_1_136' title='bbox 1082 2563 1174 2642; x_wconf 87' lang='lat' dir='ltr'><strong>parte</strong></span> <span class='ocrx_word' id='word_1_137' title='bbox 1188 2555 1419 2618; x_wconf 85' lang='lat' dir='ltr'><strong>aoouratiorem</strong></span> 
     </span>
     <span class='ocr_line' id='line_1_19' title="bbox 280 2657 1418 2748; baseline -0.006 -22"><span class='ocrx_word' id='word_1_138' title='bbox 280 2662 500 2746; x_wconf 83' lang='lat' dir='ltr'><strong>quaestionem</strong></span> <span class='ocrx_word' id='word_1_139' title='bbox 524 2663 667 2745; x_wconf 87' lang='lat' dir='ltr'><strong>exigunt,</strong></span> <span class='ocrx_word' id='word_1_140' title='bbox 690 2663 765 2748; x_wconf 87' lang='lat' dir='ltr'><strong>quia</strong></span> <span class='ocrx_word' id='word_1_141' title='bbox 788 2661 827 2726; x_wconf 90' lang='lat' dir='ltr'><strong>de</strong></span> <span class='ocrx_word' id='word_1_142' title='bbox 849 2663 980 2726; x_wconf 86' lang='lat' dir='ltr'><strong>notione</strong></span> <span class='ocrx_word' id='word_1_143' title='bbox 1001 2682 1039 2724; x_wconf 89' lang='lat' dir='ltr'><strong>ao</strong></span> <span class='ocrx_word' id='word_1_144' title='bbox 1062 2662 1094 2723; x_wconf 84' lang='lat' dir='ltr'><strong>vi</strong></span> <span class='ocrx_word' id='word_1_145' title='bbox 1124 2679 1236 2723; x_wconf 84' lang='lat' dir='ltr'><strong>eorum</strong></span> <span class='ocrx_word' id='word_1_146' title='bbox 1265 2657 1418 2721; x_wconf 83' lang='lat' dir='ltr'><strong>iudicium</strong></span> 
     </span>
     <span class='ocr_line' id='line_1_20' title="bbox 281 2762 1419 2850; baseline -0.004 -22"><span class='ocrx_word' id='word_1_147' title='bbox 281 2765 350 2828; x_wconf 88' lang='lat' dir='ltr'><strong>lieri</strong></span> <span class='ocrx_word' id='word_1_148' title='bbox 373 2766 482 2850; x_wconf 86' lang='lat' dir='ltr'><strong>nequit</strong></span> <span class='ocrx_word' id='word_1_149' title='bbox 504 2765 563 2830; x_wconf 90' lang='lat' dir='ltr'><strong>nisi</strong></span> <span class='ocrx_word' id='word_1_150' title='bbox 586 2766 761 2830; x_wconf 80' lang='lat' dir='ltr'><strong>carminum</strong></span> <span class='ocrx_word' id='word_1_151' title='bbox 793 2766 832 2828; x_wconf 88' lang='lat' dir='ltr'><strong>ad</strong></span> <span class='ocrx_word' id='word_1_152' title='bbox 864 2785 946 2850; x_wconf 85' lang='lat' dir='ltr'><strong>quae</strong></span> <span class='ocrx_word' id='word_1_153' title='bbox 979 2771 1128 2848; x_wconf 86' lang='lat' dir='ltr'><strong>speotant</strong></span> <span class='ocrx_word' id='word_1_154' title='bbox 1161 2762 1355 2846; x_wconf 82' lang='lat' dir='ltr'><strong>argumentis</strong></span> <span class='ocrx_word' id='word_1_155' title='bbox 1385 2762 1419 2824; x_wconf 93' lang='lat' dir='ltr'><strong>in</strong></span> 
     </span>
     <span class='ocr_line' id='line_1_21' title="bbox 282 2866 1419 2954; baseline -0.002 -24"><span class='ocrx_word' id='word_1_156' title='bbox 282 2866 531 2952; x_wconf 84' lang='lat' dir='ltr'><strong>disquisitionem</strong></span> <span class='ocrx_word' id='word_1_157' title='bbox 569 2869 700 2934; x_wconf 84' lang='lat' dir='ltr'><strong>voeatis.</strong></span> <span class='ocrx_word' id='word_1_158' title='bbox 754 2869 902 2954; x_wconf 88' lang='lat' dir='ltr'><strong>Denique</strong></span> <span class='ocrx_word' id='word_1_159' title='bbox 935 2873 1009 2932; x_wconf 91' lang='lat' dir='ltr'><strong>sunt</strong></span> <span class='ocrx_word' id='word_1_160' title='bbox 1050 2889 1134 2953; x_wconf 87' lang='lat' dir='ltr'><strong>quae</strong></span> <span class='ocrx_word' id='word_1_161' title='bbox 1171 2872 1320 2951; x_wconf 81' lang='lat' dir='ltr'><strong>corrupto</strong></span> <span class='ocrx_word' id='word_1_162' title='bbox 1353 2871 1419 2928; x_wconf 85' lang='lat' dir='ltr'><strong>tra·</strong></span> 
     </span>
     <span class='ocr_line' id='line_1_22' title="bbox 282 2967 1420 3058; baseline -0.004 -22"><span class='ocrx_word' id='word_1_163' title='bbox 282 2971 407 3036; x_wconf 87' lang='lat' dir='ltr'><strong>dantur.</strong></span> <span class='ocrx_word' id='word_1_164' title='bbox 467 2971 550 3036; x_wconf 87' lang='lat' dir='ltr'><strong>Illue</strong></span> <span class='ocrx_word' id='word_1_165' title='bbox 583 2973 746 3058; x_wconf 87' lang='lat' dir='ltr'><strong>pertinent</strong></span> <span class='ocrx_word' id='word_1_166' title='bbox 782 2973 926 3057; x_wconf 86' lang='lat' dir='ltr'><strong>epitheta</strong></span> <span class='ocrx_word' id='word_1_167' title='bbox 965 2970 1173 3056; x_wconf 79' lang='lat' dir='ltr'><strong>„allegorioe“</strong></span> <span class='ocrx_word' id='word_1_168' title='bbox 1220 2967 1420 3054; x_wconf 79' lang='lat' dir='ltr'><strong>„antapodo-</strong></span> 
     </span>
     <span class='ocr_line' id='line_1_23' title="bbox 282 3073 1420 3162; baseline -0.001 -23"><span class='ocrx_word' id='word_1_169' title='bbox 282 3075 362 3140; x_wconf 77' lang='lat' dir='ltr'><strong>tioe“</strong></span> <span class='ocrx_word' id='word_1_170' title='bbox 384 3075 642 3162; x_wconf 82' lang='lat' dir='ltr'><strong>„apotelestioe“,</strong></span> <span class='ocrx_word' id='word_1_171' title='bbox 665 3075 705 3140; x_wconf 89' lang='lat' dir='ltr'><strong>de</strong></span> <span class='ocrx_word' id='word_1_172' title='bbox 728 3098 863 3162; x_wconf 91' lang='lat' dir='ltr'><strong>quorum</strong></span> <span class='ocrx_word' id='word_1_173' title='bbox 886 3076 1115 3160; x_wconf 82' lang='lat' dir='ltr'><strong>significatione</strong></span> <span class='ocrx_word' id='word_1_174' title='bbox 1131 3095 1195 3138; x_wconf 93' lang='lat' dir='ltr'><strong>non</strong></span> <span class='ocrx_word' id='word_1_175' title='bbox 1217 3073 1420 3157; x_wconf 78' lang='lat' dir='ltr'><strong>ambigimus.</strong></span> 
     </span>
     <span class='ocr_line' id='line_1_24' title="bbox 283 3177 1420 3266; baseline 0 -24"><span class='ocrx_word' id='word_1_176' title='bbox 283 3177 407 3264; x_wconf 86' lang='lat' dir='ltr'><strong>Nempe</strong></span> <span class='ocrx_word' id='word_1_177' title='bbox 448 3181 508 3245; x_wconf 87' lang='lat' dir='ltr'><strong>ode</strong></span> <span class='ocrx_word' id='word_1_178' title='bbox 543 3181 716 3266; x_wconf 82' lang='lat' dir='ltr'><strong>allegorica</strong></span> <span class='ocrx_word' id='word_1_179' title='bbox 749 3187 799 3244; x_wconf 83' lang='lat' dir='ltr'><strong>est</strong></span> <span class='ocrx_word' id='word_1_180' title='bbox 832 3201 915 3264; x_wconf 84' lang='lat' dir='ltr'><strong>quae</strong></span> <span class='ocrx_word' id='word_1_181' title='bbox 958 3200 1016 3264; x_wconf 88' lang='lat' dir='ltr'><strong>per</strong></span> <span class='ocrx_word' id='word_1_182' title='bbox 1050 3179 1198 3262; x_wconf 87' lang='lat' dir='ltr'><strong>imaginis</strong></span> <span class='ocrx_word' id='word_1_183' title='bbox 1232 3177 1420 3262; x_wconf 85' lang='lat' dir='ltr'><strong>descriptio-</strong></span> 
     </span>
     <span class='ocr_line' id='line_1_25' title="bbox 282 3280 1421 3370; baseline -0.003 -24"><span class='ocrx_word' id='word_1_184' title='bbox 282 3303 355 3348; x_wconf 84' lang='lat' dir='ltr'><strong>nem</strong></span> <span class='ocrx_word' id='word_1_185' title='bbox 384 3291 502 3348; x_wconf 83' lang='lat' dir='ltr'><strong>eertum</strong></span> <span class='ocrx_word' id='word_1_186' title='bbox 533 3286 723 3350; x_wconf 87' lang='lat' dir='ltr'><strong>sententiam</strong></span> <span class='ocrx_word' id='word_1_187' title='bbox 745 3284 981 3370; x_wconf 81' lang='lat' dir='ltr'><strong>persequitur¹‚</strong></span> <span class='ocrx_word' id='word_1_188' title='bbox 1012 3281 1239 3367; x_wconf 86' lang='lat' dir='ltr'><strong>antapodotioa</strong></span> <span class='ocrx_word' id='word_1_189' title='bbox 1269 3301 1351 3366; x_wconf 85' lang='lat' dir='ltr'><strong>quoe</strong></span> <span class='ocrx_word' id='word_1_190' title='bbox 1374 3280 1421 3343; x_wconf 92' lang='lat' dir='ltr'><strong>al-</strong></span> 
     </span>
     <span class='ocr_line' id='line_1_26' title="bbox 282 3385 1421 3474; baseline -0.003 -24"><span class='ocrx_word' id='word_1_191' title='bbox 282 3387 381 3451; x_wconf 88' lang='lat' dir='ltr'><strong>ternis</strong></span> <span class='ocrx_word' id='word_1_192' title='bbox 404 3387 584 3468; x_wconf 80' lang='lat' dir='ltr'><strong>cantatur²‚</strong></span> <span class='ocrx_word' id='word_1_193' title='bbox 613 3387 821 3474; x_wconf 86' lang='lat' dir='ltr'><strong>apotelestioa</strong></span> <span class='ocrx_word' id='word_1_194' title='bbox 849 3393 959 3450; x_wconf 88' lang='lat' dir='ltr'><strong>autem</strong></span> <span class='ocrx_word' id='word_1_195' title='bbox 989 3387 1099 3450; x_wconf 89' lang='lat' dir='ltr'><strong>ultima</strong></span> <span class='ocrx_word' id='word_1_196' title='bbox 1129 3407 1192 3470; x_wconf 89' lang='lat' dir='ltr'><strong>qua</strong></span> <span class='ocrx_word' id='word_1_197' title='bbox 1219 3385 1289 3449; x_wconf 86' lang='lat' dir='ltr'><strong>finis</strong></span> <span class='ocrx_word' id='word_1_198' title='bbox 1318 3385 1421 3469; x_wconf 86' lang='lat' dir='ltr'><strong>impo-</strong></span> 
     </span>
    </p>
   </div>
   <div class='ocr_carea' id='block_1_6' title="bbox 282 3574 1424 4504">
    <p class='ocr_par' dir='ltr' id='par_1_6' title="bbox 282 3574 1424 4418">
     <span class='ocr_line' id='line_1_27' title="bbox 386 3574 1421 3646; baseline -0.004 -16"><span class='ocrx_word' id='word_1_199' title='bbox 386 3579 395 3614; x_wconf 82' lang='lat'>¹</span> <span class='ocrx_word' id='word_1_200' title='bbox 415 3577 559 3646; x_wconf 80' lang='lat' dir='ltr'><strong>hllogoria</strong></span> <span class='ocrx_word' id='word_1_201' title='bbox 577 3577 622 3646; x_wconf 89' lang='lat' dir='ltr'><strong>qui</strong></span> <span class='ocrx_word' id='word_1_202' title='bbox 642 3577 696 3638; x_wconf 71' lang='lat' dir='ltr'><strong>lint,</strong></span> <span class='ocrx_word' id='word_1_203' title='bbox 715 3578 783 3630; x_wconf 85' lang='lat' dir='ltr'><strong>sutis</strong></span> <span class='ocrx_word' id='word_1_204' title='bbox 801 3582 895 3629; x_wconf 88' lang='lat' dir='ltr'><strong>notum</strong></span> <span class='ocrx_word' id='word_1_205' title='bbox 918 3580 966 3628; x_wconf 84' lang='lat' dir='ltr'><strong>est.</strong></span> <span class='ocrx_word' id='word_1_206' title='bbox 1003 3574 1108 3628; x_wconf 78' lang='lat' dir='ltr'><strong>Charis.</strong></span> <span class='ocrx_word' id='word_1_207' title='bbox 1127 3574 1214 3626; x_wconf 82' lang='lat' dir='ltr'><strong>instit.</strong></span> <span class='ocrx_word' id='word_1_208' title='bbox 1243 3590 1357 3642; x_wconf 80' lang='lat' dir='ltr'><strong>gramm.</strong></span> <span class='ocrx_word' id='word_1_209' title='bbox 1376 3574 1421 3626; x_wconf 93' lang='lat'><strong>111</strong></span> 
     </span>
     <span class='ocr_line' id='line_1_28' title="bbox 283 3659 1422 3731; baseline -0.004 -15"><span class='ocrx_word' id='word_1_210' title='bbox 283 3663 367 3728; x_wconf 83' lang='lat' dir='ltr'><strong>(Keil,</strong></span> <span class='ocrx_word' id='word_1_211' title='bbox 386 3663 504 3716; x_wconf 81' lang='lat' dir='ltr'><strong>Graium.</strong></span> <span class='ocrx_word' id='word_1_212' title='bbox 525 3665 614 3716; x_wconf 84' lang='lat' dir='ltr'><strong>Latin.</strong></span> <span class='ocrx_word' id='word_1_213' title='bbox 634 3667 646 3716; x_wconf 93' lang='lat'>1</span> <span class='ocrx_word' id='word_1_214' title='bbox 665 3663 725 3729; x_wconf 75' lang='lat'><strong>276,</strong></span> <span class='ocrx_word' id='word_1_215' title='bbox 742 3665 760 3716; x_wconf 85' lang='grc'>4</span> <span class='ocrx_word' id='word_1_216' title='bbox 780 3665 871 3731; x_wconf 71' lang='lat' dir='ltr'><strong>sqql:</strong></span> <span class='ocrx_word' id='word_1_217' title='bbox 896 3662 1033 3729; x_wconf 79' lang='lat' dir='ltr'><strong>allegoria</strong></span> <span class='ocrx_word' id='word_1_218' title='bbox 1049 3667 1091 3712; x_wconf 89' lang='lat' dir='ltr'><strong>est</strong></span> <span class='ocrx_word' id='word_1_219' title='bbox 1116 3661 1205 3712; x_wconf 82' lang='lat' dir='ltr'><strong>oratio</strong></span> <span class='ocrx_word' id='word_1_220' title='bbox 1225 3659 1298 3712; x_wconf 87' lang='lat' dir='ltr'><strong>uliud</strong></span> <span class='ocrx_word' id='word_1_221' title='bbox 1327 3659 1422 3712; x_wconf 70' lang='lat' dir='ltr'><strong>(licens</strong></span> 
     </span>
     <span class='ocr_line' id='line_1_29' title="bbox 283 3745 1422 3816; baseline -0.004 -16"><span class='ocrx_word' id='word_1_222' title='bbox 283 3747 358 3802; x_wconf 87' lang='lat' dir='ltr'><strong>aliud</strong></span> <span class='ocrx_word' id='word_1_223' title='bbox 376 3749 535 3815; x_wconf 80' lang='lat' dir='ltr'><strong>signidoans</strong></span> <span class='ocrx_word' id='word_1_224' title='bbox 550 3766 598 3816; x_wconf 86' lang='lat' dir='ltr'><strong>par</strong></span> <span class='ocrx_word' id='word_1_225' title='bbox 611 3749 755 3802; x_wconf 86' lang='lat' dir='ltr'><strong>obscuram</strong></span> <span class='ocrx_word' id='word_1_226' title='bbox 768 3747 971 3801; x_wconf 85' lang='lat' dir='ltr'><strong>similitudinem</strong></span> <span class='ocrx_word' id='word_1_227' title='bbox 992 3749 1039 3798; x_wconf 81' lang='lat' dir='ltr'><strong>aut</strong></span> <span class='ocrx_word' id='word_1_228' title='bbox 1053 3745 1203 3808; x_wconf 85' lang='lat' dir='ltr'><strong>contrario,</strong></span> <span class='ocrx_word' id='word_1_229' title='bbox 1222 3753 1251 3796; x_wconf 89' lang='lat' dir='ltr'><strong>ut</strong></span> <span class='ocrx_word' id='word_1_230' title='bbox 1265 3747 1337 3812; x_wconf 87' lang='lat' dir='ltr'><strong>apud</strong></span> <span class='ocrx_word' id='word_1_231' title='bbox 1352 3747 1422 3798; x_wconf 81' lang='lat' dir='ltr'><strong>Ver·</strong></span> 
     </span>
     <span class='ocr_line' id='line_1_30' title="bbox 282 3831 1421 3902; baseline -0.003 -17"><span class='ocrx_word' id='word_1_232' title='bbox 282 3834 392 3898; x_wconf 69' lang='lat' dir='ltr'><strong>gilium:</strong></span> <span class='ocrx_word' id='word_1_233' title='bbox 412 3840 436 3886; x_wconf 83' lang='lat' dir='ltr'><strong>rt</strong></span> <span class='ocrx_word' id='word_1_234' title='bbox 453 3839 509 3890; x_wconf 73' lang='lat' dir='ltr'><strong>iam</strong></span> <span class='ocrx_word' id='word_1_235' title='bbox 536 3842 641 3902; x_wconf 81' lang='lat' dir='ltr'><strong>tempus</strong></span> <span class='ocrx_word' id='word_1_236' title='bbox 667 3851 762 3902; x_wconf 81' lang='lat' dir='ltr'><strong>equum</strong></span> <span class='ocrx_word' id='word_1_237' title='bbox 778 3835 923 3899; x_wconf 78' lang='lat' dir='ltr'><strong>sumentia</strong></span> <span class='ocrx_word' id='word_1_238' title='bbox 949 3832 1051 3885; x_wconf 75' lang='lat' dir='ltr'><strong>solorre</strong></span> <span class='ocrx_word' id='word_1_239' title='bbox 1077 3832 1168 3885; x_wconf 81' lang='lat' dir='ltr'><strong>rolla:</strong></span> <span class='ocrx_word' id='word_1_240' title='bbox 1192 3831 1330 3898; x_wconf 80' lang='lat' dir='ltr'><strong>signifieat</strong></span> <span class='ocrx_word' id='word_1_241' title='bbox 1349 3832 1421 3883; x_wconf 83' lang='lat' dir='ltr'><strong>enirn</strong></span> 
     </span>
     <span class='ocr_line' id='line_1_31' title="bbox 282 3916 1422 3983; baseline 0 -13"><span class='ocrx_word' id='word_1_242' title='bbox 282 3934 392 3972; x_wconf 75' lang='lat' dir='ltr'><strong>carmen</strong></span> <span class='ocrx_word' id='word_1_243' title='bbox 407 3935 466 3972; x_wconf 80' lang='lat' dir='ltr'><strong>aare</strong></span> <span class='ocrx_word' id='word_1_244' title='bbox 479 3921 635 3974; x_wconf 85' lang='lat' dir='ltr'><strong>finiendum.</strong></span> <span class='ocrx_word' id='word_1_245' title='bbox 648 3951 675 3960; x_wconf 87' lang='lat'><em>-</em></span> <span class='ocrx_word' id='word_1_246' title='bbox 689 3921 756 3972; x_wconf 79' lang='lat' dir='ltr'><strong>Fere</strong></span> <span class='ocrx_word' id='word_1_247' title='bbox 770 3917 854 3971; x_wconf 77' lang='lat' dir='ltr'><strong>isdem</strong></span> <span class='ocrx_word' id='word_1_248' title='bbox 868 3919 959 3970; x_wconf 83' lang='lat' dir='ltr'><strong>verbis</strong></span> <span class='ocrx_word' id='word_1_249' title='bbox 976 3919 1063 3969; x_wconf 84' lang='lat' dir='ltr'><strong>utitur</strong></span> <span class='ocrx_word' id='word_1_250' title='bbox 1080 3916 1227 3969; x_wconf 85' lang='lat' dir='ltr'><strong>Diomedes</strong></span> <span class='ocrx_word' id='word_1_251' title='bbox 1241 3921 1293 3968; x_wconf 85' lang='lat' dir='ltr'><strong>art.</strong></span> <span class='ocrx_word' id='word_1_252' title='bbox 1308 3933 1422 3983; x_wconf 84' lang='lat' dir='ltr'><strong>gramm.</strong></span> 
     </span>
     <span class='ocr_line' id='line_1_32' title="bbox 282 4003 1423 4074; baseline -0.004 -14"><span class='ocrx_word' id='word_1_253' title='bbox 282 4005 310 4060; x_wconf 90' lang='lat' dir='ltr'><strong>ll</strong></span> <span class='ocrx_word' id='word_1_254' title='bbox 329 4003 413 4072; x_wconf 81' lang='lat' dir='ltr'><strong>(Keil,</strong></span> <span class='ocrx_word' id='word_1_255' title='bbox 424 4007 441 4060; x_wconf 91' lang='lat' dir='ltr'><strong>l.</strong></span> <span class='ocrx_word' id='word_1_256' title='bbox 456 4021 479 4060; x_wconf 86' lang='lat' dir='ltr'><strong>o.</strong></span> <span class='ocrx_word' id='word_1_257' title='bbox 497 4007 583 4074; x_wconf 77' lang='lat'>1461,</span> <span class='ocrx_word' id='word_1_258' title='bbox 594 4007 647 4074; x_wconf 81' lang='lat'><strong>31).</strong></span> <span class='ocrx_word' id='word_1_259' title='bbox 659 4037 690 4048; x_wconf 91' lang='lat'>-</span> <span class='ocrx_word' id='word_1_260' title='bbox 701 4008 756 4060; x_wconf 83' lang='lat' dir='ltr'><strong>Cio.</strong></span> <span class='ocrx_word' id='word_1_261' title='bbox 777 4007 852 4059; x_wconf 89' lang='lat' dir='ltr'><strong>Orat.</strong></span> <span class='ocrx_word' id='word_1_262' title='bbox 865 4005 908 4069; x_wconf 72' lang='lat'><strong>92,</strong></span> <span class='ocrx_word' id='word_1_263' title='bbox 921 4005 969 4058; x_wconf 72' lang='lat'><strong>94:</strong></span> <span class='ocrx_word' id='word_1_264' title='bbox 990 4007 1107 4071; x_wconf 72' lang='lat' dir='ltr'><strong>„tralata</strong></span> <span class='ocrx_word' id='word_1_265' title='bbox 1122 4020 1156 4056; x_wconf 86' lang='lat' dir='ltr'><strong>ea</strong></span> <span class='ocrx_word' id='word_1_266' title='bbox 1170 4004 1231 4058; x_wconf 84' lang='lat' dir='ltr'><strong>dieo</strong></span> <span class='ocrx_word' id='word_1_267' title='bbox 1245 4039 1333 4056; x_wconf 87' lang='lat'>.....</span> <span class='ocrx_word' id='word_1_268' title='bbox 1348 4020 1423 4072; x_wconf 87' lang='lat' dir='ltr'><strong>quaa</strong></span> 
     </span>
     <span class='ocr_line' id='line_1_33' title="bbox 282 4089 1422 4159; baseline -0.002 -16"><span class='ocrx_word' id='word_1_269' title='bbox 282 4107 332 4159; x_wconf 89' lang='lat' dir='ltr'><strong>por</strong></span> <span class='ocrx_word' id='word_1_270' title='bbox 350 4091 553 4146; x_wconf 83' lang='lat' dir='ltr'><strong>similitudinem</strong></span> <span class='ocrx_word' id='word_1_271' title='bbox 573 4093 607 4146; x_wconf 86' lang='lat' dir='ltr'><strong>ab</strong></span> <span class='ocrx_word' id='word_1_272' title='bbox 627 4095 681 4145; x_wconf 88' lang='lat' dir='ltr'><strong>alia</strong></span> <span class='ocrx_word' id='word_1_273' title='bbox 700 4109 729 4144; x_wconf 85' lang='lat' dir='ltr'><strong>re</strong></span> <span class='ocrx_word' id='word_1_274' title='bbox 748 4095 795 4144; x_wconf 88' lang='lat' dir='ltr'><strong>aut</strong></span> <span class='ocrx_word' id='word_1_275' title='bbox 808 4091 955 4144; x_wconf 81' lang='lat' dir='ltr'><strong>suavitatis</strong></span> <span class='ocrx_word' id='word_1_276' title='bbox 969 4095 1017 4142; x_wconf 88' lang='lat' dir='ltr'><strong>unt</strong></span> <span class='ocrx_word' id='word_1_277' title='bbox 1029 4091 1139 4157; x_wconf 85' lang='lat' dir='ltr'><strong>inopiae</strong></span> <span class='ocrx_word' id='word_1_278' title='bbox 1152 4105 1250 4143; x_wconf 81' lang='lat' dir='ltr'><strong>caussa</strong></span> <span class='ocrx_word' id='word_1_279' title='bbox 1264 4089 1422 4143; x_wconf 83' lang='lat' dir='ltr'><strong>tanslorun-</strong></span> 
     </span>
     <span class='ocr_line' id='line_1_34' title="bbox 284 4177 1424 4242; baseline 0 -14"><span class='ocrx_word' id='word_1_280' title='bbox 284 4183 328 4228; x_wconf 83' lang='lat' dir='ltr'><strong>tor</strong></span> <span class='ocrx_word' id='word_1_281' title='bbox 343 4213 449 4232; x_wconf 91' lang='grc'><strong>......</strong></span> <span class='ocrx_word' id='word_1_282' title='bbox 492 4180 548 4231; x_wconf 89' lang='lat' dir='ltr'><strong>Iam</strong></span> <span class='ocrx_word' id='word_1_283' title='bbox 578 4195 637 4231; x_wconf 83' lang='lat' dir='ltr'><strong>cuin</strong></span> <span class='ocrx_word' id='word_1_284' title='bbox 661 4177 851 4230; x_wconf 78' lang='lat' dir='ltr'><strong>confluxerunt</strong></span> <span class='ocrx_word' id='word_1_285' title='bbox 877 4177 969 4242; x_wconf 90' lang='lat' dir='ltr'><strong>plores</strong></span> <span class='ocrx_word' id='word_1_286' title='bbox 995 4177 1144 4228; x_wconf 79' lang='lat' dir='ltr'><strong>continuae</strong></span> <span class='ocrx_word' id='word_1_287' title='bbox 1169 4177 1342 4240; x_wconf 67' lang='lat' dir='ltr'><strong>halationes,</strong></span> <span class='ocrx_word' id='word_1_288' title='bbox 1367 4177 1424 4228; x_wconf 87' lang='lat' dir='ltr'><strong>alia</strong></span> 
     </span>
     <span class='ocr_line' id='line_1_35' title="bbox 284 4263 1424 4334; baseline -0.002 -18"><span class='ocrx_word' id='word_1_289' title='bbox 284 4265 367 4330; x_wconf 81' lang='lat' dir='ltr'><strong>plane</strong></span> <span class='ocrx_word' id='word_1_290' title='bbox 385 4264 415 4317; x_wconf 87' lang='lat' dir='ltr'><strong>fit</strong></span> <span class='ocrx_word' id='word_1_291' title='bbox 435 4268 531 4328; x_wconf 83' lang='lat' dir='ltr'><strong>oratio,</strong></span> <span class='ocrx_word' id='word_1_292' title='bbox 550 4267 644 4334; x_wconf 86' lang='lat' dir='ltr'><strong>itaque</strong></span> <span class='ocrx_word' id='word_1_293' title='bbox 662 4281 748 4331; x_wconf 82' lang='lat' dir='ltr'><strong>genus</strong></span> <span class='ocrx_word' id='word_1_294' title='bbox 767 4269 816 4316; x_wconf 85' lang='lat' dir='ltr'><strong>hoo</strong></span> <span class='ocrx_word' id='word_1_295' title='bbox 836 4265 934 4316; x_wconf 80' lang='lat' dir='ltr'><strong>Graeci</strong></span> <span class='ocrx_word' id='word_1_296' title='bbox 960 4266 1103 4331; x_wconf 85' lang='lat' dir='ltr'><strong>appellant</strong></span> <span class='ocrx_word' id='word_1_297' title='bbox 1128 4263 1281 4334; x_wconf 67' lang='grc' dir='ltr'><strong>ἅλληγοριάν,</strong></span> <span class='ocrx_word' id='word_1_298' title='bbox 1310 4264 1424 4314; x_wconf 84' lang='lat' dir='ltr'><strong>nornine</strong></span> 
     </span>
     <span class='ocr_line' id='line_1_36' title="bbox 284 4345 1297 4418; baseline -0.004 -18"><span class='ocrx_word' id='word_1_299' title='bbox 284 4353 364 4412; x_wconf 77' lang='lat' dir='ltr'><strong>reete.</strong></span> <span class='ocrx_word' id='word_1_300' title='bbox 384 4366 485 4418; x_wconf 77' lang='lat' dir='ltr'><strong>genero</strong></span> <span class='ocrx_word' id='word_1_301' title='bbox 504 4352 599 4402; x_wconf 87' lang='lat' dir='ltr'><strong>melius</strong></span> <span class='ocrx_word' id='word_1_302' title='bbox 620 4351 673 4414; x_wconf 88' lang='lat' dir='ltr'><strong>ille,</strong></span> <span class='ocrx_word' id='word_1_303' title='bbox 693 4351 739 4416; x_wconf 86' lang='lat' dir='ltr'><strong>qui</strong></span> <span class='ocrx_word' id='word_1_304' title='bbox 759 4351 811 4400; x_wconf 86' lang='lat' dir='ltr'><strong>ista</strong></span> <span class='ocrx_word' id='word_1_305' title='bbox 830 4349 922 4401; x_wconf 90' lang='lat' dir='ltr'><strong>omnia</strong></span> <span class='ocrx_word' id='word_1_306' title='bbox 941 4351 1101 4401; x_wconf 81' lang='lat' dir='ltr'><strong>tralationes</strong></span> <span class='ocrx_word' id='word_1_307' title='bbox 1122 4345 1227 4405; x_wconf 86' lang='lat' dir='ltr'><strong>vooat.“</strong></span> <span class='ocrx_word' id='word_1_308' title='bbox 1247 4355 1297 4398; x_wconf 82' lang='lat' dir='ltr'><strong>eto.</strong></span> 
     </span>
    </p>

    <p class='ocr_par' dir='ltr' id='par_1_7' title="bbox 385 4433 1424 4504">
     <span class='ocr_line' id='line_1_37' title="bbox 385 4433 1424 4504; baseline -0.002 -16"><span class='ocrx_word' id='word_1_309' title='bbox 385 4437 397 4473; x_wconf 59' lang='grc' dir='ltr'>ἱ</span> <span class='ocrx_word' id='word_1_310' title='bbox 415 4435 530 4489; x_wconf 82' lang='lat' dir='ltr'><strong>Diverso</strong></span> <span class='ocrx_word' id='word_1_311' title='bbox 550 4435 631 4489; x_wconf 87' lang='lat' dir='ltr'><strong>modo</strong></span> <span class='ocrx_word' id='word_1_312' title='bbox 650 4433 827 4502; x_wconf 83' lang='lat' dir='ltr'><strong>antapodosis</strong></span> <span class='ocrx_word' id='word_1_313' title='bbox 841 4433 941 4490; x_wconf 77' lang='lat' dir='ltr'><strong>dieitur</strong></span> <span class='ocrx_word' id='word_1_314' title='bbox 960 4435 1048 4500; x_wconf 75' lang='lat' dir='ltr'><strong>figura</strong></span> <span class='ocrx_word' id='word_1_315' title='bbox 1062 4435 1135 4504; x_wconf 89' lang='lat' dir='ltr'><strong>apud</strong></span> <span class='ocrx_word' id='word_1_316' title='bbox 1149 4433 1274 4488; x_wconf 83' lang='lat' dir='ltr'><strong>rhetores</strong></span> <span class='ocrx_word' id='word_1_317' title='bbox 1287 4437 1315 4484; x_wconf 85' lang='lat' dir='ltr'><strong>et</strong></span> <span class='ocrx_word' id='word_1_318' title='bbox 1328 4449 1424 4501; x_wconf 83' lang='lat' dir='ltr'><strong>gram·</strong></span> 
     </span>
    </p>
   </div>
   <div class='ocr_carea' id='block_1_7' title="bbox 0 0 1633 4930">
    <p class='ocr_par' dir='ltr' id='par_1_8' title="bbox 0 0 1633 4930">
     <span class='ocr_line' id='line_1_38' title="bbox 0 0 1633 4930; baseline 0 0"><span class='ocrx_word' id='word_1_319' title='bbox 0 0 1633 4930; x_wconf 95' lang='lat' dir='ltr'><strong> </strong></span> 
     </span>
    </p>
   </div>
  </div>
 </body>
</html>
