3238 4930
237 493 279 556 91
763 483 852 567 [199]

340 701 371 742 v.
398 679 505 741 libbe
527 673 595 758 (iai)
620 673 710 756 γάμοι
735 671 826 756 γάμοι
850 672 986 756 Πάριδος
1009 671 1158 756 (ὀλέθριοι
1180 675 1299 758 φίλων).

340 791 402 846 ant.
429 783 508 846 1167
533 777 603 863 (bl)
628 777 714 842 πόνοι
737 777 821 841 πόνοι
845 776 952 855 πόλεος
975 776 1136 862 (ὀλομένας
1160 776 1195 842 td
1217 779 1299 859 πᾶν).

237 911 327 977 Idem
365 911 449 976 cedit
486 911 518 974 in
552 930 662 973 versus
701 917 766 972 1199
808 930 848 972 ex
885 909 961 972 Eur.
996 909 1050 974 Or.
1085 909 1217 988 allatos,
1253 909 1307 993 qui
1343 907 1376 972 iu

238 1017 361 1081 cantico
385 1017 544 1098 leguntur,
574 1013 664 1076 cuius
690 1012 815 1076 initium
838 1011 915 1076 19911
938 1011 1077 1096 tripodis
1107 1013 1241 1076 iambica
1271 1011 1372 1096 primo

238 1121 319 1205 pede
342 1123 518 1205 syncopam
543 1113 606 1212 sk
628 1117 670 1197 Ιυ
688 1153 728 1162 -
748 1117 754 1197 l
772 1156 791 1187 υ
812 1151 849 1160 -

383 1278 412 1321 v.
438 1259 499 1321 140
522 1263 592 1337 oiya
615 1262 696 1336 σῖγα,
720 1251 845 1334 λεπ(τόν
867 1253 949 1337 ἴχνος
972 1252 1129 1338 ἀρβύλης).

349 1367 412 1426 ant.
438 1364 498 1424 153
522 1366 586 1436 πῶς
608 1357 687 1442 ἔχω
711 1356 801 1440 λόγου
824 1356 978 1438 (μετάδος,
1002 1351 1027 1420 al
1050 1357 1149 1442 φίλα).

341 1506 435 1570 Η999
456 1507 550 1570 99199
565 1505 737 1569 alteriusve
753 1527 793 1569 ex
809 1504 870 1569 illis
885 1505 1034 1569 undecim
1050 1505 1203 1569 dochmiis
1219 1505 1374 1567 rationem

237 1633 306 1676 esse
323 1631 511 1696 persuasum
533 1609 636 1673 habeo
652 1629 690 1671 ae
705 1629 884 1694 perpaucos
901 1629 1078 1694 superesse,
1094 1609 1124 1672 in
1141 1607 1255 1693 quibus
1271 1615 1374 1670 muta-

238 1715 324 1778 tione
348 1713 490 1798 indigeat
511 1712 606 1777 lsctio
630 1711 757 1776 tradita.

340 1817 503 1880 Probatur
524 1817 622 1900 igitur
644 1817 773 1878 omnino
796 1815 874 1879 baec
897 1816 1016 1899 regula,
1045 1815 1076 1878 in
1108 1814 1252 1879 versibus
1276 1811 1373 1876 doch·

236 1920 344 1982 nriacis
361 1920 504 1983 thesibus
520 1920 632 1983 solutis
645 1917 887 1982 decurrentibus
899 1919 969 1983 11911
982 1939 1144 1983 9999111991
1161 1924 1234 2002 post
1248 1918 1374 1980 tertiam

238 2023 403 2108 syllabam.
449 2021 568 2085 Omnes
592 2022 804 2098 coniecturae,
828 2021 943 2105 quibus
959 2021 1097 2085 deebmii
1121 2021 1180 2084 hae
1205 2019 1375 2082 19191919-

238 2125 344 2208 signes
377 2123 558 2188 efficiuntur
589 2133 734 2188 carentes
764 2125 819 2188 illa
850 2145 999 2205 caesura,
1033 2124 1074 2188 ob
1105 2123 1136 2187 id
1166 2123 1270 2210 ipsum
1302 2127 1377 2186 sunt

237 2227 434 2293 reiciendas:
458 2227 559 2292 Velut
582 2227 697 2291 Aesch.
718 2228 780 2312 Ag.
806 2231 899 2309 1410,
922 2227 977 2292 ubi
1000 2227 1061 2293 boc
1085 2233 1133 2292 est
1157 2225 1322 2290 traditum:

766 2330 959 2414 δαμοθρόους
981 2333 1008 2395 τ’
1031 2328 1105 2414 α’ρᾰς

548 2431 682 2512 ἀπέδικες
704 2434 860 2516 ἀπέτεμες·
882 2437 985 2512 ἄπολις
1008 2433 1106 2512 δ’ἔσει,

236 2537 442 2602 elWelliana
465 2538 664 2602 conlectura:
687 2537 879 2623 (ὅαμόθροός
902 2537 1004 2621 y'oiotl)
1024 2537 1171 2603 o'u'rrs'drad
1193 2535 1378 2616 σ’ἀπέταμιν

239 2651 271 2707 91
295 2642 380 2728 quod
404 2641 546 2706 Dindort'
565 2643 596 2706 19
620 2641 761 2728 adnotat.
785 2653 870 2728 poet.
894 2663 998 2708 scaen.
1024 2641 1137 2707 Graec.
1163 2641 1330 2726 proponit:

324 2743 521 2826 (θαμὸθροὸς
544 2743 571 2807 9’
594 2743 667 2826 ἄρα’)
691 2744 829 2809 α’πὲδικεν
850 2743 1013 2824 9191191199·
1038 2743 1195 2829 (ἀπόπολις
1217 2741 1328 2823 deber).

236 2847 386 2912 Fortasse
409 2846 495 2909 199111
518 2848 696 2911 mutatione
718 2848 865 2913 lectionis
888 2847 1067 2912 Weilianae
1090 2845 1291 2911 scribendum
1312 2852 1377 2909 est:

450 2946 477 3012 α’
500 2947 640 3012 eius'dras'u
660 2951 688 3013 o’
710 2949 851 3032 dntrau',
872 2951 876 3032 Ι
897 2949 1041 3027 α’πὸπολις
1064 2950 1161 3014 δ’ἒσει.

341 3050 422 3114 Item
445 3049 542 3136 Soph.
567 3050 647 3114 Oed.
670 3053 709 3117 R.
729 3055 820 3133 1350,
843 3054 897 3118 ubi
920 3055 980 3118 hoc
1004 3055 1070 3119 1919
1094 3054 1245 3118 traditum
1270 3059 1333 3116 est:

236 3153 349 3237 (ὄλοιθ’
376 3152 453 3230 ὅςτις
485 3148 520 3235 ἦν
549 3151 582 3230 ὃς
604 3151 709 3236 ἀγρίας
733 3155 838 3237 πέδας)
871 3158 998 3236 νομάδος
1028 3158 1183 3234 ἕπιποδιάς
1212 3153 1318 3239 (ἔλαβὲ
1344 3156 1380 3235 μ’

678 3258 738 3322 α’πό
761 3283 794 3322 τε
817 3258 939 3343 φόνου),

236 3361 325 3424 irrita
349 3365 451 3425 99191
474 3359 884 3443 111991919999991991919,
909 3383 1003 3448 quam
1026 3363 1166 3428 Dindori
1184 3362 1319 3448 recepit:

654 3465 758 3545 vepcdd'
781 3468 935 3543 ἐπιποιῐίας

238 3572 271 3630 91
293 3565 462 3648 Bethlem,
487 3587 571 3649 quae
593 3567 735 3658 Bergkio
759 3575 791 3632 et
814 3568 984 3652 Hartungo
1009 3575 1056 3633 est
1079 3570 1230 3656 probate:

658 3668 751 3750 νομὰς
773 3673 934 3748 ἐπιποδίας.

279 3771 359 3835 Item
384 3771 438 3836 Ar.
462 3793 511 3838 av.
538 3775 620 3838 1265
645 3772 736 3857 (pendi
760 3775 815 3836 τιν’
837 3774 1014 3858 ἱερόθυτον)
1036 3771 1094 3837 eiad
1118 3773 1249 3838 ddnedov
1271 3769 1315 3836 ἔτι

235 3896 299 3939 999
324 3895 395 3938 oum
419 3875 581 3940 Meinekio
605 3873 739 3941 9199919
762 3875 805 3940 ἔτι
828 3877 1031 3942 inserendum
1054 3883 1102 3943 991
1125 3876 1165 3940 ad
1188 3875 1378 3941 dochmium

236 3977 438 4062 explendum,
461 3979 518 4043 sed
542 3981 680 4045 fortasse
703 4002 775 4045 cum
799 3980 936 4046 Christio
962 3981 1069 4064 (111911.
1093 3981 1143 4045 ed.
1167 3980 1222 4043 alt.
1241 4000 1272 4064 p.
1297 3981 1377 4061 439)

238 4079 438 4146 scribendum

619 4185 679 4252 oivoi
702 4184 757 4267 [td]
780 4191 913 4252 d'ta'nedev
936 4186 988 4252 ἔτι.
