3226 4932
350 749 384 764 ..
408 749 414 764 .
441 697 552 780 ἔμπας
575 723 625 775 τις
648 693 745 764 εἶπεν
767 700 824 763 καὶ
846 695 934 764 τόδε.
982 698 1031 774 31,
1060 701 1119 782 3ο,
1146 697 1220 776 ihr,
1248 697 1297 773 3i,
1324 696 1395 760 nih.

390 819 459 884 Hoc
481 819 550 884 loco
573 817 680 884 exitus
701 818 908 904 imperfectus
931 817 1097 901 quaesitus
1119 835 1191 882 esse
1215 815 1341 881 videtur
1360 815 1447 880 sicut

306 919 332 986 0
351 921 431 986 XIII
450 943 501 1006 ep.
520 927 550 992 4.
577 921 635 986 sed
658 921 850 986 monendum
875 919 995 987 exitum
1018 917 1104 998 τόδε,
1132 939 1234 1003 aeque
1257 925 1352 1002 atque
1374 917 1445 982 illic

305 1029 411 1110 μέτρα
434 1032 466 1091 et
488 1019 717 1110 deauracionem,
742 1023 776 1088 in
798 1023 839 1088 iis
863 1023 1057 1089 carminibus
1080 1041 1163 1106 quae
1185 1021 1359 1088 maximum
1382 1041 1446 1086 nu-

307 1147 427 1194 merum
450 1128 593 1193 exituum
616 1126 873 1212 imperfectorum
896 1125 1017 1192 habent
1038 1122 1065 1191 0
1088 1125 1119 1190 X
1141 1131 1175 1191 et
1197 1123 1226 1189 P
1249 1125 1276 1188 V
1298 1143 1361 1188 non
1383 1143 1446 1207 ap-

307 1251 430 1314 parere.
478 1231 667 1296 Coniectura
688 1237 796 1295 autem
820 1227 893 1293 τοδῖ
916 1236 950 1295 ut
973 1228 1078 1295 facilis
1101 1235 1165 1309 est,
1193 1227 1239 1292 ita
1260 1247 1332 1291 cum
1354 1226 1445 1311 apud

235 1412 239 1420 Ι
308 1333 480 1399 Pindarum
497 1357 509 1398 ι
532 1329 697 1398 δεικτικὸν
711 1351 870 1414 nusquam
887 1331 1024 1416 legatur,
1051 1331 1139 1396 haud
1155 1327 1340 1416 probabilis.
1377 1329 1448 1395 Mo-

306 1435 446 1502 uendum
469 1456 544 1502 vero
566 1437 628 1501 hoc
649 1455 774 1518 quoque
797 1441 863 1515 est,
892 1453 963 1500 cum
986 1439 1043 1499 καῖ
1064 1433 1221 1519 particula
1243 1441 1352 1518 aperte
1376 1452 1448 1498 cor·

308 1545 401 1624 rupta
416 1539 457 1604 sit
477 1539 528 1622 (cf.
547 1539 723 1622 Bergkium
738 1537 781 1603 ad
796 1539 881 1604 hunc
896 1539 1026 1619 locum),
1053 1537 1149 1603 etiam
1171 1556 1344 1622 pronomen
1368 1533 1445 1600 τόδε

308 1641 463 1708 incertum
487 1660 570 1707 esse.
616 1643 833 1726 Expectamus
856 1640 1062 1720 sententiam,
1097 1640 1202 1724 qualia
1232 1646 1297 1706 est:
1331 1637 1447 1720 ἔμπας

310 1742 393 1820 ἔπος
415 1738 544 1810 τοιόνδ’
570 1743 648 1830 ἐ’φρ.

399 1883 446 1964 17)
474 1881 600 1946 PX6
644 1877 1152 1930 υυέω-υ-ῦ.ὐ-υὲ

508 1977 645 2067 ἀγαγεῖν
669 1983 859 2065 ἐπικωμίαν
881 1979 1012 2068 ἀνδρῶν
1034 1981 1158 2048 κλυτὰν
1181 1977 1251 2048 όπα

928 2088 979 2170 31,
1006 2090 1063 2171 ap,
1094 2087 1166 2158 ibr,
1199 2087 1243 2150 ii.

396 2191 433 2255 In
455 2189 567 2256 eodem
588 2191 728 2256 carmine
743 2191 806 2256 duo
822 2189 928 2256 exitus
942 2189 1121 2274 imperfecti
1137 2190 1170 2254 in
1185 2215 1216 2254 -ι
1232 2191 1449 2274 reperiuntur„

311 2313 423 2359 versus
446 2301 553 2360 autem
576 2293 725 2378 paralleli
747 2293 868 2358 exitum
889 2292 1110 2377 imperfectum
1133 2313 1197 2358 non
1220 2302 1384 2378 respuunt.
1419 2305 1454 2360 ct

311 2397 437 2479 aliquos
467 2404 568 2462 certos
599 2396 772 2480 singularis
798 2395 922 2461 numeri
943 2395 1143 2461 accusativos
1165 2396 1278 2461 tertiae
1302 2395 1455 2462 declina-

310 2499 405 2565 tionis
426 2499 460 2564 in
482 2521 522 2562 -c
544 2499 578 2564 in
600 2500 687 2565 exitu
710 2499 878 2574 habemus:
914 2519 1105 2583 quamquam
1135 2498 1262 2564 medela
1290 2499 1454 2565 facillima

312 2611 438 2686 praesto
461 2611 511 2668 est
534 2598 603 2666 ὅπα
627 2599 761 2667 κλυτάν.

402 2738 634 2820 κρρῃῑνρρ
678 2734 1225 2786 ιῡ-ε-ω-ῡ.ἐε-εε

446 2843 617 2928 Γαδείρων
638 2838 676 2906 τὸ
700 2838 787 2926 πρὸς
810 2839 919 2928 ζόφον
942 2835 981 2908 οὐ
1004 2839 1164 2926 περατόν,
1190 2835 1365 2928 ἀπότρεπε

443 2934 537 3023 αὖτις
560 2939 728 3031 Εὐρώπαν
749 2945 830 3009 ποτὶ
852 2949 975 3028 χέρσον
998 2944 1093 3012 ἐ’ντεα
1115 2942 1209 3022 ναός.

443 3046 557 3134 ἀπορα
581 3047 643 3134 γὰρ
667 3045 769 3132 λόγον
790 3046 926 3114 Αἰακοῦ

443 3152 577 3218 παίδων
599 3149 658 3218 τὸν
682 3145 818 3218 ἅπαντά
840 3175 899 3233 μοι
921 3150 1083 3216 διελθεῖν.

748 3255 797 3335 31,
824 3258 882 3340 op,
911 3255 984 3334 abr,
1015 3254 1084 3320 tih.

399 3377 458 3442 Hic
481 3383 530 3441 est
550 3383 584 3441 et
605 3375 717 3440 unicus
739 3375 845 3442 exitus
867 3373 1074 3460 imperfectus
1096 3375 1129 3439 in
1152 3375 1291 3442 carmine
1315 3379 1357 3441 96
1380 3399 1461 3446 ver-

313 3498 406 3546 suum
434 3485 468 3545 et
495 3477 549 3561 qui
579 3485 709 3563 propter
730 3500 763 3542 -a
793 3478 938 3544 vocalem
970 3479 1107 3562 (praeter
1129 3481 1213 3542 ποτέ
1236 3485 1269 3544 et
1290 3483 1327 3543 τέ
1349 3484 1460 3566 parti-

311 3583 403 3648 culas
424 3600 488 3647 non
509 3579 694 3664 admissam)
722 3579 818 3645 valde
839 3579 992 3648 offendat.
1039 3579 1172 3646 Accedit
1194 3581 1297 3664 quod,
1324 3583 1353 3648 si
1376 3603 1461 3651 sen-

311 3685 444 3752 tentiam
466 3683 720 3767 examinaveris,
747 3676 920 3766 ἀπότρεπε
944 3683 1109 3769 displicet;
1135 3691 1233 3768 poeta
1254 3685 1341 3750 enim
1364 3697 1461 3772 post-

312 3808 407 3872 quam
430 3807 465 3852 se
487 3787 557 3873 ipse
579 3787 737 3852 allocutus
760 3792 824 3866 est,
859 3784 945 3870 quod
967 3805 1066 3872 saepe
1092 3786 1171 3853 iacit
1191 3787 1225 3852 in
1247 3789 1387 3855 transitu
1412 3793 1459 3859 ab

312 3891 413 3956 altera
429 3896 519 3975 parte
534 3889 684 3956 carminis
699 3888 742 3955 ad
756 3889 891 3955 alteram
919 3888 969 3970 (ci,
989 3887 1015 3957 0
1031 3890 1063 3954 11
1079 3891 1119 3954 89
1139 3888 1239 3972 ἔπεχε
1254 3897 1317 3956 νῦν
1333 3901 1457 3980 cacus

313 3989 429 4072 τόξον·
463 3987 522 4075 dyc
545 3997 646 4075 θυμέ,
673 3997 748 4057 τίνα
770 3989 969 4076 tuitionem)
997 4013 1059 4058 uon
1081 3999 1231 4058 constans
1253 3993 1316 4060 sibi
1337 3999 1462 4066 transit

313 4096 356 4162 ad
370 4115 537 4182 personam
553 4095 689 4182 primam
705 4096 764 4178 μοὶ
780 4095 940 4176 διελθεῖν,
966 4097 1021 4162 ubi
1036 4103 1186 4181 expectes
1208 4097 1262 4160 coi
1286 4097 1459 4166 διελθεῖν.

314 4198 525 4266 scribendum
548 4199 645 4283 igitur
666 4217 738 4266 esse
757 4199 884 4266 videtur
899 4193 1095 4283 ἀποτρέπω,
1122 4199 1172 4265 cui
1187 4198 1319 4266 additur
1334 4205 1462 4288 optime

314 4296 428 4386 ἀπορα
451 4299 515 4385 γὰρ
541 4352 604 4366 ...
630 4303 701 4383 μοὶ
725 4301 886 4367 διελθεῖν.
