<?xml version="1.0" encoding="UTF-8"?>
<!DOCTYPE html PUBLIC "-//W3C//DTD XHTML 1.0 Transitional//EN"
    "http://www.w3.org/TR/xhtml1/DTD/xhtml1-transitional.dtd">
<html xmlns="http://www.w3.org/1999/xhtml" xml:lang="en" lang="en">
 <head>
  <title>
</title>
<meta http-equiv="Content-Type" content="text/html;charset=utf-8" />
  <meta name='ocr-system' content='tesseract 3.04.00' />
  <meta name='ocr-capabilities' content='ocr_page ocr_carea ocr_par ocr_line ocrx_word'/>
</head>
<body>
  <div class='ocr_page' id='page_1' title='image "./dissertationesp02stragoog_0288.png"; bbox 0 0 3274 4934; ppageno 0'>
   <div class='ocr_carea' id='block_1_1' title="bbox 681 395 872 453">
    <p class='ocr_par' dir='ltr' id='par_1_1' title="bbox 681 395 872 453">
     <span class='ocr_line' id='line_1_1' title="bbox 681 395 872 453; baseline 0 -15"><span class='ocrx_word' id='word_1_1' title='bbox 681 395 872 453; x_wconf 72' lang='grc'><strong>,5-</strong></span> 
     </span>
    </p>
   </div>
   <div class='ocr_carea' id='block_1_2' title="bbox 207 577 1467 768">
    <p class='ocr_par' dir='ltr' id='par_1_2' title="bbox 207 577 1467 768">
     <span class='ocr_line' id='line_1_2' title="bbox 208 577 1467 664; baseline 0.003 -22"><span class='ocrx_word' id='word_1_2' title='bbox 208 596 339 658; x_wconf 90' lang='lat' dir='ltr'><strong>quorum</strong></span> <span class='ocrx_word' id='word_1_3' title='bbox 370 577 499 662; x_wconf 82' lang='lat' dir='ltr'><strong>singula</strong></span> <span class='ocrx_word' id='word_1_4' title='bbox 528 579 674 662; x_wconf 88' lang='lat' dir='ltr'><strong>singulas</strong></span> <span class='ocrx_word' id='word_1_5' title='bbox 705 580 867 646; x_wconf 72' lang='lat' dir='ltr'><strong>continent</strong></span> <span class='ocrx_word' id='word_1_6' title='bbox 903 579 1025 646; x_wconf 75' lang='lat' dir='ltr'><strong>litteras</strong></span> <span class='ocrx_word' id='word_1_7' title='bbox 1054 579 1237 664; x_wconf 86' lang='lat' dir='ltr'><strong>inscriptas.</strong></span> <span class='ocrx_word' id='word_1_8' title='bbox 1284 581 1340 646; x_wconf 80' lang='lat' dir='ltr'><strong>llis</strong></span> <span class='ocrx_word' id='word_1_9' title='bbox 1462 613 1467 623; x_wconf 93' lang='lat'>·</span> 
     </span>
     <span class='ocr_line' id='line_1_3' title="bbox 207 675 1339 768; baseline 0.004 -24"><span class='ocrx_word' id='word_1_10' title='bbox 207 687 314 745; x_wconf 88' lang='lat' dir='ltr'><strong>autem</strong></span> <span class='ocrx_word' id='word_1_11' title='bbox 343 681 456 747; x_wconf 87' lang='lat' dir='ltr'><strong>litteris</strong></span> <span class='ocrx_word' id='word_1_12' title='bbox 481 683 579 748; x_wconf 85' lang='lat' dir='ltr'><strong>verba</strong></span> <span class='ocrx_word' id='word_1_13' title='bbox 597 675 740 768; x_wconf 81' lang='grc' dir='ltr'><em>Ὀσίριδι</em></span> <span class='ocrx_word' id='word_1_14' title='bbox 767 685 934 764; x_wconf 81' lang='grc' dir='ltr'><strong><em>Μοσχίων</em></strong></span> <span class='ocrx_word' id='word_1_15' title='bbox 958 676 1136 766; x_wconf 78' lang='grc' dir='ltr'><em>ὑγιασθεὶς</em></span> <span class='ocrx_word' id='word_1_16' title='bbox 1162 680 1222 748; x_wconf 79' lang='grc' dir='ltr'><strong>τὸν</strong></span> <span class='ocrx_word' id='word_1_17' title='bbox 1248 681 1339 748; x_wconf 81' lang='grc' dir='ltr'><strong><em>πόδα</em></strong></span> 
     </span>
    </p>
   </div>
   <div class='ocr_carea' id='block_1_3' title="bbox 175 780 1341 3969">
    <p class='ocr_par' dir='ltr' id='par_1_3' title="bbox 175 780 1341 2525">
     <span class='ocr_line' id='line_1_4' title="bbox 208 780 1340 870; baseline 0.007 -25"><span class='ocrx_word' id='word_1_18' title='bbox 208 780 370 868; x_wconf 66' lang='lat' dir='ltr'><strong>torpetem</strong></span> <span class='ocrx_word' id='word_1_19' title='bbox 385 793 631 870; x_wconf 87' lang='lat' dir='ltr'><strong>componuntnr;</strong></span> <span class='ocrx_word' id='word_1_20' title='bbox 651 807 784 870; x_wconf 93' lang='lat' dir='ltr'><strong>qnorum</strong></span> <span class='ocrx_word' id='word_1_21' title='bbox 795 788 961 852; x_wconf 83' lang='lat' dir='ltr'><strong>uerborum</strong></span> <span class='ocrx_word' id='word_1_22' title='bbox 977 785 1100 852; x_wconf 87' lang='lat' dir='ltr'><strong>litteras</strong></span> <span class='ocrx_word' id='word_1_23' title='bbox 1115 786 1340 870; x_wconf 86' lang='lat' dir='ltr'><strong>undequadra-</strong></span> 
     </span>
     <span class='ocr_line' id='line_1_5' title="bbox 207 885 1341 976; baseline 0.005 -26"><span class='ocrx_word' id='word_1_24' title='bbox 207 885 296 968; x_wconf 84' lang='lat' dir='ltr'><strong>ginta</strong></span> <span class='ocrx_word' id='word_1_25' title='bbox 318 888 377 953; x_wconf 92' lang='lat' dir='ltr'><strong>hoc</strong></span> <span class='ocrx_word' id='word_1_26' title='bbox 399 889 492 955; x_wconf 92' lang='lat' dir='ltr'><strong>modo</strong></span> <span class='ocrx_word' id='word_1_27' title='bbox 514 897 625 955; x_wconf 89' lang='lat' dir='ltr'><strong>auctor</strong></span> <span class='ocrx_word' id='word_1_28' title='bbox 645 891 816 976; x_wconf 79' lang='lat' dir='ltr'><strong>disposuit:</strong></span> <span class='ocrx_word' id='word_1_29' title='bbox 844 910 915 956; x_wconf 91' lang='lat' dir='ltr'><strong>curn</strong></span> <span class='ocrx_word' id='word_1_30' title='bbox 932 911 952 955; x_wconf 88' lang='lat' dir='ltr'><strong>a</strong></span> <span class='ocrx_word' id='word_1_31' title='bbox 967 889 1075 954; x_wconf 91' lang='lat' dir='ltr'><strong>media</strong></span> <span class='ocrx_word' id='word_1_32' title='bbox 1096 890 1209 956; x_wconf 83' lang='lat' dir='ltr'><strong>tabula</strong></span> <span class='ocrx_word' id='word_1_33' title='bbox 1231 889 1252 954; x_wconf 96' lang='lat' dir='ltr'><strong>i.</strong></span> <span class='ocrx_word' id='word_1_34' title='bbox 1272 911 1341 956; x_wconf 83' lang='lat' dir='ltr'><strong>ea</strong></span> 
     </span>
     <span class='ocr_line' id='line_1_6' title="bbox 206 989 1339 1078; baseline 0.004 -24"><span class='ocrx_word' id='word_1_35' title='bbox 206 989 326 1071; x_wconf 83' lang='lat' dir='ltr'><strong>quadro</strong></span> <span class='ocrx_word' id='word_1_36' title='bbox 353 992 505 1058; x_wconf 82' lang='lat' dir='ltr'><strong>vicesimo</strong></span> <span class='ocrx_word' id='word_1_37' title='bbox 527 994 672 1060; x_wconf 78' lang='lat' dir='ltr'><strong>rubricae</strong></span> <span class='ocrx_word' id='word_1_38' title='bbox 698 994 869 1060; x_wconf 85' lang='lat' dir='ltr'><strong>vicesimae</strong></span> <span class='ocrx_word' id='word_1_39' title='bbox 890 993 1013 1058; x_wconf 88' lang='lat' dir='ltr'><strong>initium</strong></span> <span class='ocrx_word' id='word_1_40' title='bbox 1039 993 1189 1078; x_wconf 79' lang='lat' dir='ltr'><strong>cepisset,</strong></span> <span class='ocrx_word' id='word_1_41' title='bbox 1218 994 1262 1060; x_wconf 91' lang='lat' dir='ltr'><strong>ad</strong></span> <span class='ocrx_word' id='word_1_42' title='bbox 1288 1015 1339 1059; x_wconf 92' lang='lat' dir='ltr'><strong>re-</strong></span> 
     </span>
     <span class='ocr_line' id='line_1_7' title="bbox 206 1093 1339 1182; baseline 0.004 -24"><span class='ocrx_word' id='word_1_43' title='bbox 206 1093 317 1175; x_wconf 87' lang='lat' dir='ltr'><strong>giones</strong></span> <span class='ocrx_word' id='word_1_44' title='bbox 339 1115 449 1161; x_wconf 90' lang='lat' dir='ltr'><strong>versus</strong></span> <span class='ocrx_word' id='word_1_45' title='bbox 472 1096 634 1162; x_wconf 83' lang='lat' dir='ltr'><strong>sinistram</strong></span> <span class='ocrx_word' id='word_1_46' title='bbox 658 1098 821 1163; x_wconf 82' lang='lat' dir='ltr'><strong>dexteram</strong></span> <span class='ocrx_word' id='word_1_47' title='bbox 845 1097 1037 1182; x_wconf 87' lang='lat' dir='ltr'><strong>superiorem</strong></span> <span class='ocrx_word' id='word_1_48' title='bbox 1064 1096 1245 1162; x_wconf 86' lang='lat' dir='ltr'><strong>inferiorem</strong></span> <span class='ocrx_word' id='word_1_49' title='bbox 1272 1098 1339 1181; x_wconf 91' lang='lat' dir='ltr'><strong>pri-</strong></span> 
     </span>
     <span class='ocr_line' id='line_1_8' title="bbox 206 1195 1338 1283; baseline 0.004 -22"><span class='ocrx_word' id='word_1_50' title='bbox 206 1217 291 1262; x_wconf 91' lang='lat' dir='ltr'><strong>mum</strong></span> <span class='ocrx_word' id='word_1_51' title='bbox 303 1198 428 1283; x_wconf 86' lang='lat' dir='ltr'><strong>scripsit</strong></span> <span class='ocrx_word' id='word_1_52' title='bbox 443 1199 566 1266; x_wconf 84' lang='lat' dir='ltr'><strong>litteras</strong></span> <span class='ocrx_word' id='word_1_53' title='bbox 579 1195 1190 1266; x_wconf 73' lang='grc' dir='ltr'><strong>ΟΟΙΡΙΔΙΜΟΟΧΙωΝΥΓΙΑΟΘ.</strong></span> <span class='ocrx_word' id='word_1_54' title='bbox 1220 1199 1292 1278; x_wconf 81' lang='lat' dir='ltr'><strong>Qua</strong></span> <span class='ocrx_word' id='word_1_55' title='bbox 1306 1201 1338 1266; x_wconf 94' lang='lat' dir='ltr'><strong>in</strong></span> 
     </span>
     <span class='ocr_line' id='line_1_9' title="bbox 206 1299 1339 1388; baseline 0.004 -23"><span class='ocrx_word' id='word_1_56' title='bbox 206 1319 240 1366; x_wconf 92' lang='lat' dir='ltr'><strong>re</strong></span> <span class='ocrx_word' id='word_1_57' title='bbox 256 1321 327 1366; x_wconf 90' lang='lat' dir='ltr'><strong>curu</strong></span> <span class='ocrx_word' id='word_1_58' title='bbox 343 1302 450 1368; x_wconf 88' lang='lat' dir='ltr'><strong>littera</strong></span> <span class='ocrx_word' id='word_1_59' title='bbox 465 1299 497 1366; x_wconf 91' lang='grc' dir='ltr'><strong>Θ</strong></span> <span class='ocrx_word' id='word_1_60' title='bbox 514 1303 631 1387; x_wconf 90' lang='lat' dir='ltr'><strong>ubique</strong></span> <span class='ocrx_word' id='word_1_61' title='bbox 646 1305 775 1370; x_wconf 78' lang='lat' dir='ltr'><strong>tabulae</strong></span> <span class='ocrx_word' id='word_1_62' title='bbox 795 1305 971 1388; x_wconf 81' lang='lat' dir='ltr'><strong>marginem</strong></span> <span class='ocrx_word' id='word_1_63' title='bbox 987 1303 1156 1388; x_wconf 86' lang='lat' dir='ltr'><strong>attigisset,</strong></span> <span class='ocrx_word' id='word_1_64' title='bbox 1176 1304 1281 1369; x_wconf 92' lang='lat' dir='ltr'><strong>denuo</strong></span> <span class='ocrx_word' id='word_1_65' title='bbox 1296 1305 1339 1370; x_wconf 89' lang='lat' dir='ltr'><strong>ad</strong></span> 
     </span>
     <span class='ocr_line' id='line_1_10' title="bbox 205 1405 1338 1492; baseline 0 -24"><span class='ocrx_word' id='word_1_66' title='bbox 205 1411 372 1488; x_wconf 89' lang='lat' dir='ltr'><strong>utrumque</strong></span> <span class='ocrx_word' id='word_1_67' title='bbox 388 1425 500 1470; x_wconf 86' lang='lat' dir='ltr'><strong>versus</strong></span> <span class='ocrx_word' id='word_1_68' title='bbox 522 1406 606 1472; x_wconf 91' lang='lat' dir='ltr'><strong>latus</strong></span> <span class='ocrx_word' id='word_1_69' title='bbox 624 1407 656 1473; x_wconf 94' lang='lat' dir='ltr'><strong>in</strong></span> <span class='ocrx_word' id='word_1_70' title='bbox 672 1408 818 1492; x_wconf 87' lang='lat' dir='ltr'><strong>margine</strong></span> <span class='ocrx_word' id='word_1_71' title='bbox 840 1406 980 1489; x_wconf 87' lang='lat' dir='ltr'><strong>reliquas</strong></span> <span class='ocrx_word' id='word_1_72' title='bbox 1002 1407 1123 1473; x_wconf 89' lang='lat' dir='ltr'><strong>litteras</strong></span> <span class='ocrx_word' id='word_1_73' title='bbox 1147 1405 1338 1472; x_wconf 74' lang='grc' dir='ltr'>ΕΙΟΤΟΝ-</span> 
     </span>
     <span class='ocr_line' id='line_1_11' title="bbox 211 1506 1339 1596; baseline 0.005 -26"><span class='ocrx_word' id='word_1_74' title='bbox 211 1506 580 1574; x_wconf 63' lang='lat' dir='ltr'><strong>moderamime</strong></span> <span class='ocrx_word' id='word_1_75' title='bbox 604 1510 772 1596; x_wconf 87' lang='lat' dir='ltr'><strong>disposuit,</strong></span> <span class='ocrx_word' id='word_1_76' title='bbox 798 1517 832 1575; x_wconf 90' lang='lat' dir='ltr'><strong>nt</strong></span> <span class='ocrx_word' id='word_1_77' title='bbox 846 1515 913 1576; x_wconf 90' lang='lat' dir='ltr'><strong>tota</strong></span> <span class='ocrx_word' id='word_1_78' title='bbox 927 1510 1038 1576; x_wconf 88' lang='lat' dir='ltr'><strong>tabula</strong></span> <span class='ocrx_word' id='word_1_79' title='bbox 1052 1510 1085 1574; x_wconf 93' lang='lat' dir='ltr'><strong>in</strong></span> <span class='ocrx_word' id='word_1_80' title='bbox 1101 1518 1248 1595; x_wconf 92' lang='lat' dir='ltr'><strong>quattuor</strong></span> <span class='ocrx_word' id='word_1_81' title='bbox 1263 1532 1339 1596; x_wconf 88' lang='lat' dir='ltr'><strong>par-</strong></span> 
     </span>
     <span class='ocr_line' id='line_1_12' title="bbox 205 1611 1337 1697; baseline 0.004 -19"><span class='ocrx_word' id='word_1_82' title='bbox 205 1619 254 1678; x_wconf 89' lang='lat' dir='ltr'><strong>tes</strong></span> <span class='ocrx_word' id='word_1_83' title='bbox 276 1612 481 1678; x_wconf 84' lang='lat' dir='ltr'><strong>divideretur.</strong></span> <span class='ocrx_word' id='word_1_84' title='bbox 518 1613 643 1680; x_wconf 86' lang='lat' dir='ltr'><strong>Deinde</strong></span> <span class='ocrx_word' id='word_1_85' title='bbox 665 1614 789 1680; x_wconf 88' lang='lat' dir='ltr'><strong>litteras</strong></span> <span class='ocrx_word' id='word_1_86' title='bbox 816 1611 848 1678; x_wconf 89' lang='grc' dir='ltr'><strong>Θ</strong></span> <span class='ocrx_word' id='word_1_87' title='bbox 873 1619 1020 1697; x_wconf 87' lang='lat' dir='ltr'><strong>quattuor</strong></span> <span class='ocrx_word' id='word_1_88' title='bbox 1040 1614 1117 1680; x_wconf 87' lang='lat' dir='ltr'><strong>illas</strong></span> <span class='ocrx_word' id='word_1_89' title='bbox 1138 1615 1252 1697; x_wconf 90' lang='lat' dir='ltr'><strong>quibus</strong></span> <span class='ocrx_word' id='word_1_90' title='bbox 1275 1613 1337 1682; x_wconf 86' lang='lat' dir='ltr'><strong>hae</strong></span> 
     </span>
     <span class='ocr_line' id='line_1_13' title="bbox 175 1703 1338 1800; baseline 0.002 -20"><span class='ocrx_word' id='word_1_91' title='bbox 175 1719 180 1728; x_wconf 89' lang='lat'><strong><em>‘</em></strong></span> <span class='ocrx_word' id='word_1_92' title='bbox 206 1723 356 1798; x_wconf 88' lang='lat' dir='ltr'><strong>quattuor</strong></span> <span class='ocrx_word' id='word_1_93' title='bbox 378 1722 486 1800; x_wconf 87' lang='lat' dir='ltr'><strong>partes</strong></span> <span class='ocrx_word' id='word_1_94' title='bbox 508 1717 732 1798; x_wconf 85' lang='lat' dir='ltr'><strong>terminantur,</strong></span> <span class='ocrx_word' id='word_1_95' title='bbox 759 1703 842 1782; x_wconf 86' lang='lat' dir='ltr'><strong>serie</strong></span> <span class='ocrx_word' id='word_1_96' title='bbox 863 1716 1027 1800; x_wconf 85' lang='lat' dir='ltr'><strong>diagonoli</strong></span> <span class='ocrx_word' id='word_1_97' title='bbox 1048 1717 1151 1782; x_wconf 85' lang='lat' dir='ltr'><strong>iunxit</strong></span> <span class='ocrx_word' id='word_1_98' title='bbox 1167 1717 1228 1797; x_wconf 86' lang='lat' dir='ltr'><strong>ita,</strong></span> <span class='ocrx_word' id='word_1_99' title='bbox 1256 1724 1290 1783; x_wconf 91' lang='lat' dir='ltr'><strong>ut</strong></span> <span class='ocrx_word' id='word_1_100' title='bbox 1304 1718 1338 1782; x_wconf 93' lang='lat' dir='ltr'><strong>in</strong></span> 
     </span>
     <span class='ocr_line' id='line_1_14' title="bbox 205 1818 1338 1904; baseline 0.002 -20"><span class='ocrx_word' id='word_1_101' title='bbox 205 1818 336 1902; x_wconf 85' lang='lat' dir='ltr'><strong>quadris</strong></span> <span class='ocrx_word' id='word_1_102' title='bbox 348 1819 501 1903; x_wconf 81' lang='lat' dir='ltr'><strong>parvulis,</strong></span> <span class='ocrx_word' id='word_1_103' title='bbox 520 1841 602 1903; x_wconf 89' lang='lat' dir='ltr'><strong>quac</strong></span> <span class='ocrx_word' id='word_1_104' title='bbox 613 1820 816 1904; x_wconf 84' lang='lat' dir='ltr'><strong>diagonalem</strong></span> <span class='ocrx_word' id='word_1_105' title='bbox 833 1841 959 1886; x_wconf 88' lang='lat' dir='ltr'><strong>versum</strong></span> <span class='ocrx_word' id='word_1_106' title='bbox 973 1819 1221 1903; x_wconf 89' lang='lat' dir='ltr'><strong>uniuscuiusque</strong></span> <span class='ocrx_word' id='word_1_107' title='bbox 1236 1820 1338 1904; x_wconf 89' lang='lat' dir='ltr'><strong>partis</strong></span> 
     </span>
     <span class='ocr_line' id='line_1_15' title="bbox 205 1921 1337 2009; baseline -0.001 -20"><span class='ocrx_word' id='word_1_108' title='bbox 205 1923 357 2005; x_wconf 86' lang='lat' dir='ltr'><strong>efficiunt,</strong></span> <span class='ocrx_word' id='word_1_109' title='bbox 384 1922 519 1988; x_wconf 90' lang='lat' dir='ltr'><strong>eandem</strong></span> <span class='ocrx_word' id='word_1_110' title='bbox 541 1925 679 1990; x_wconf 90' lang='lat' dir='ltr'><strong>litteram</strong></span> <span class='ocrx_word' id='word_1_111' title='bbox 697 1921 728 1987; x_wconf 91' lang='grc' dir='ltr'><strong>Θ</strong></span> <span class='ocrx_word' id='word_1_112' title='bbox 752 1930 920 2009; x_wconf 86' lang='lat' dir='ltr'><strong>repeteret,</strong></span> <span class='ocrx_word' id='word_1_113' title='bbox 945 1923 1125 2007; x_wconf 87' lang='lat' dir='ltr'><strong>pariterque</strong></span> <span class='ocrx_word' id='word_1_114' title='bbox 1143 1923 1337 2007; x_wconf 87' lang='lat' dir='ltr'><strong>quadrorum</strong></span> 
     </span>
     <span class='ocr_line' id='line_1_16' title="bbox 205 2023 1334 2112; baseline -0.004 -19"><span class='ocrx_word' id='word_1_115' title='bbox 205 2027 305 2093; x_wconf 90' lang='lat' dir='ltr'><strong>series</strong></span> <span class='ocrx_word' id='word_1_116' title='bbox 326 2027 497 2112; x_wconf 85' lang='lat' dir='ltr'><strong>parallelas</strong></span> <span class='ocrx_word' id='word_1_117' title='bbox 513 2047 533 2092; x_wconf 82' lang='lat' dir='ltr'><strong>a</strong></span> <span class='ocrx_word' id='word_1_118' title='bbox 548 2026 679 2092; x_wconf 84' lang='lat' dir='ltr'><strong>dextera</strong></span> <span class='ocrx_word' id='word_1_119' title='bbox 694 2027 836 2112; x_wconf 91' lang='lat' dir='ltr'><strong>repetitis</strong></span> <span class='ocrx_word' id='word_1_120' title='bbox 859 2026 973 2092; x_wconf 89' lang='lat' dir='ltr'><strong>litteris</strong></span> <span class='ocrx_word' id='word_1_121' title='bbox 998 2023 1035 2107; x_wconf 85' lang='grc' dir='ltr'><strong>Ε,</strong></span> <span class='ocrx_word' id='word_1_122' title='bbox 1066 2025 1089 2109; x_wconf 89' lang='lat' dir='ltr'><strong>l,</strong></span> <span class='ocrx_word' id='word_1_123' title='bbox 1114 2025 1156 2108; x_wconf 78' lang='grc' dir='ltr'><strong>Ο,</strong></span> <span class='ocrx_word' id='word_1_124' title='bbox 1175 2024 1216 2108; x_wconf 83' lang='grc' dir='ltr'><strong>Τ,</strong></span> <span class='ocrx_word' id='word_1_125' title='bbox 1242 2025 1283 2106; x_wconf 90' lang='lat'><strong>0,</strong></span> <span class='ocrx_word' id='word_1_126' title='bbox 1307 2025 1334 2088; x_wconf 91' lang='grc' dir='ltr'><strong>Ν</strong></span> 
     </span>
     <span class='ocr_line' id='line_1_17' title="bbox 206 2126 1337 2212; baseline -0.002 -16"><span class='ocrx_word' id='word_1_127' title='bbox 206 2139 279 2212; x_wconf 84' lang='lat' dir='ltr'><strong>etc,</strong></span> <span class='ocrx_word' id='word_1_128' title='bbox 304 2151 325 2195; x_wconf 89' lang='lat' dir='ltr'><strong>a</strong></span> <span class='ocrx_word' id='word_1_129' title='bbox 346 2129 475 2195; x_wconf 87' lang='lat' dir='ltr'><strong>sinistra</strong></span> <span class='ocrx_word' id='word_1_130' title='bbox 498 2127 539 2207; x_wconf 85' lang='lat' dir='ltr'><strong>C,</strong></span> <span class='ocrx_word' id='word_1_131' title='bbox 566 2128 608 2211; x_wconf 83' lang='grc' dir='ltr'><strong>Α,</strong></span> <span class='ocrx_word' id='word_1_132' title='bbox 640 2128 662 2212; x_wconf 86' lang='lat' dir='ltr'><strong>l,</strong></span> <span class='ocrx_word' id='word_1_133' title='bbox 690 2129 730 2209; x_wconf 82' lang='grc' dir='ltr'><strong>Γ,</strong></span> <span class='ocrx_word' id='word_1_134' title='bbox 751 2126 785 2194; x_wconf 89' lang='grc' dir='ltr'>Υ</span> <span class='ocrx_word' id='word_1_135' title='bbox 801 2136 861 2196; x_wconf 89' lang='lat' dir='ltr'><strong>etc.</strong></span> <span class='ocrx_word' id='word_1_136' title='bbox 879 2150 919 2195; x_wconf 86' lang='lat' dir='ltr'><strong>ex</strong></span> <span class='ocrx_word' id='word_1_137' title='bbox 942 2129 1053 2195; x_wconf 91' lang='lat' dir='ltr'><strong>ordine</strong></span> <span class='ocrx_word' id='word_1_138' title='bbox 1074 2130 1234 2195; x_wconf 80' lang='lat' dir='ltr'><strong>instruxit.</strong></span> <span class='ocrx_word' id='word_1_139' title='bbox 1267 2129 1337 2208; x_wconf 87' lang='lat' dir='ltr'><strong>Quo</strong></span> 
     </span>
     <span class='ocr_line' id='line_1_18' title="bbox 185 2231 1338 2322; baseline -0.002 -24"><span class='ocrx_word' id='word_1_140' title='bbox 185 2316 189 2322; x_wconf 26' lang='grc' dir='ltr'>Ι</span> <span class='ocrx_word' id='word_1_141' title='bbox 205 2233 337 2300; x_wconf 89' lang='lat' dir='ltr'><strong>artificio</strong></span> <span class='ocrx_word' id='word_1_142' title='bbox 352 2233 504 2314; x_wconf 87' lang='lat' dir='ltr'><strong>efficitur,</strong></span> <span class='ocrx_word' id='word_1_143' title='bbox 531 2240 579 2314; x_wconf 88' lang='lat' dir='ltr'><strong>ut,</strong></span> <span class='ocrx_word' id='word_1_144' title='bbox 600 2234 626 2298; x_wconf 91' lang='lat' dir='ltr'><strong>si</strong></span> <span class='ocrx_word' id='word_1_145' title='bbox 642 2255 662 2299; x_wconf 91' lang='lat' dir='ltr'><strong>a</strong></span> <span class='ocrx_word' id='word_1_146' title='bbox 677 2234 785 2300; x_wconf 92' lang='lat' dir='ltr'><strong>media</strong></span> <span class='ocrx_word' id='word_1_147' title='bbox 807 2233 916 2298; x_wconf 86' lang='lat' dir='ltr'><strong>tabula</strong></span> <span class='ocrx_word' id='word_1_148' title='bbox 936 2231 979 2298; x_wconf 87' lang='lat' dir='ltr'><strong>ad</strong></span> <span class='ocrx_word' id='word_1_149' title='bbox 994 2233 1141 2315; x_wconf 83' lang='lat' dir='ltr'><strong>quamvis</strong></span> <span class='ocrx_word' id='word_1_150' title='bbox 1156 2251 1174 2300; x_wconf 93' lang='lat' dir='ltr'><strong>e</strong></span> <span class='ocrx_word' id='word_1_151' title='bbox 1189 2239 1338 2316; x_wconf 82' lang='lat' dir='ltr'><strong>quattuor</strong></span> 
     </span>
     <span class='ocr_line' id='line_1_19' title="bbox 205 2335 1335 2422; baseline -0.003 -19"><span class='ocrx_word' id='word_1_152' title='bbox 205 2337 388 2421; x_wconf 90' lang='lat' dir='ltr'><strong>regionibus</strong></span> <span class='ocrx_word' id='word_1_153' title='bbox 411 2356 523 2402; x_wconf 89' lang='lat' dir='ltr'><strong>versus</strong></span> <span class='ocrx_word' id='word_1_154' title='bbox 554 2337 660 2419; x_wconf 87' lang='lat' dir='ltr'><strong>legere</strong></span> <span class='ocrx_word' id='word_1_155' title='bbox 691 2336 853 2422; x_wconf 78' lang='lat' dir='ltr'><strong>coeperis,</strong></span> <span class='ocrx_word' id='word_1_156' title='bbox 886 2335 927 2402; x_wconf 91' lang='lat' dir='ltr'><strong>de</strong></span> <span class='ocrx_word' id='word_1_157' title='bbox 948 2355 1137 2420; x_wconf 87' lang='lat' dir='ltr'><strong>unoquoque</strong></span> <span class='ocrx_word' id='word_1_158' title='bbox 1159 2336 1280 2421; x_wconf 89' lang='lat' dir='ltr'><strong>quadro</strong></span> <span class='ocrx_word' id='word_1_159' title='bbox 1303 2335 1335 2400; x_wconf 93' lang='lat' dir='ltr'><strong>in</strong></span> 
     </span>
     <span class='ocr_line' id='line_1_20' title="bbox 204 2439 1185 2525; baseline -0.004 -19"><span class='ocrx_word' id='word_1_160' title='bbox 204 2441 340 2524; x_wconf 88' lang='lat' dir='ltr'><strong>quodvis</strong></span> <span class='ocrx_word' id='word_1_161' title='bbox 354 2441 438 2506; x_wconf 90' lang='lat' dir='ltr'><strong>latus</strong></span> <span class='ocrx_word' id='word_1_162' title='bbox 455 2439 616 2505; x_wconf 89' lang='lat' dir='ltr'><strong>declinare</strong></span> <span class='ocrx_word' id='word_1_163' title='bbox 631 2439 744 2525; x_wconf 85' lang='lat' dir='ltr'><strong>possis.</strong></span> <span class='ocrx_word' id='word_1_164' title='bbox 1182 2519 1185 2524; x_wconf 27' lang='grc' dir='ltr'>Ι</span> 
     </span>
    </p>

    <p class='ocr_par' dir='ltr' id='par_1_4' title="bbox 203 2542 1337 3247">
     <span class='ocr_line' id='line_1_21' title="bbox 290 2542 1332 2622; baseline 0.004 -16"><span class='ocrx_word' id='word_1_165' title='bbox 290 2543 426 2622; x_wconf 83' lang='lat' dir='ltr'><strong>Qualem</strong></span> <span class='ocrx_word' id='word_1_166' title='bbox 449 2543 626 2608; x_wconf 88' lang='lat' dir='ltr'><strong>litterarum</strong></span> <span class='ocrx_word' id='word_1_167' title='bbox 648 2544 753 2608; x_wconf 89' lang='lat' dir='ltr'><strong>lusum</strong></span> <span class='ocrx_word' id='word_1_168' title='bbox 770 2564 809 2609; x_wconf 92' lang='lat' dir='ltr'><strong>ne</strong></span> <span class='ocrx_word' id='word_1_169' title='bbox 825 2563 958 2608; x_wconf 86' lang='lat' dir='ltr'><strong>censeas</strong></span> <span class='ocrx_word' id='word_1_170' title='bbox 974 2542 1090 2607; x_wconf 91' lang='lat' dir='ltr'><strong>summi</strong></span> <span class='ocrx_word' id='word_1_171' title='bbox 1106 2543 1234 2609; x_wconf 86' lang='lat' dir='ltr'><strong>artificii</strong></span> <span class='ocrx_word' id='word_1_172' title='bbox 1250 2563 1332 2620; x_wconf 88' lang='lat' dir='ltr'><strong>esse,</strong></span> 
     </span>
     <span class='ocr_line' id='line_1_22' title="bbox 204 2645 1337 2732; baseline -0.004 -17"><span class='ocrx_word' id='word_1_173' title='bbox 204 2647 328 2715; x_wconf 90' lang='lat' dir='ltr'><strong>ostendi</strong></span> <span class='ocrx_word' id='word_1_174' title='bbox 356 2651 460 2732; x_wconf 90' lang='lat' dir='ltr'><strong>potest</strong></span> <span class='ocrx_word' id='word_1_175' title='bbox 485 2645 592 2714; x_wconf 91' lang='lat' dir='ltr'><strong>omnia</strong></span> <span class='ocrx_word' id='word_1_176' title='bbox 617 2647 731 2723; x_wconf 73' lang='lat' dir='ltr'><strong>verba,</strong></span> <span class='ocrx_word' id='word_1_177' title='bbox 761 2667 844 2730; x_wconf 87' lang='lat' dir='ltr'><strong>quae</strong></span> <span class='ocrx_word' id='word_1_178' title='bbox 869 2645 985 2730; x_wconf 83' lang='lat' dir='ltr'><strong>imperi</strong></span> <span class='ocrx_word' id='word_1_179' title='bbox 1008 2645 1184 2712; x_wconf 87' lang='lat' dir='ltr'><strong>litteramm</strong></span> <span class='ocrx_word' id='word_1_180' title='bbox 1205 2666 1337 2712; x_wconf 91' lang='lat' dir='ltr'><strong>numero</strong></span> 
     </span>
     <span class='ocr_line' id='line_1_23' title="bbox 204 2748 1336 2836; baseline -0.003 -18"><span class='ocrx_word' id='word_1_181' title='bbox 204 2757 447 2836; x_wconf 89' lang='lat' dir='ltr'><strong>componuntnr,</strong></span> <span class='ocrx_word' id='word_1_182' title='bbox 475 2748 587 2815; x_wconf 89' lang='lat' dir='ltr'><strong>eodem</strong></span> <span class='ocrx_word' id='word_1_183' title='bbox 610 2750 702 2815; x_wconf 90' lang='lat' dir='ltr'><strong>modo</strong></span> <span class='ocrx_word' id='word_1_184' title='bbox 724 2750 811 2814; x_wconf 86' lang='lat' dir='ltr'><strong>lraud</strong></span> <span class='ocrx_word' id='word_1_185' title='bbox 834 2749 1006 2815; x_wconf 83' lang='lat' dir='ltr'><strong>difficulter</strong></span> <span class='ocrx_word' id='word_1_186' title='bbox 1028 2749 1186 2815; x_wconf 91' lang='lat' dir='ltr'><strong>distribui.</strong></span> <span class='ocrx_word' id='word_1_187' title='bbox 1230 2749 1336 2828; x_wconf 79' lang='lat' dir='ltr'><strong>Quare</strong></span> 
     </span>
     <span class='ocr_line' id='line_1_24' title="bbox 203 2851 1336 2938; baseline -0.004 -16"><span class='ocrx_word' id='word_1_188' title='bbox 203 2854 345 2922; x_wconf 87' lang='lat' dir='ltr'><strong>Mosohlo</strong></span> <span class='ocrx_word' id='word_1_189' title='bbox 363 2861 472 2920; x_wconf 89' lang='lat' dir='ltr'><strong>noster</strong></span> <span class='ocrx_word' id='word_1_190' title='bbox 485 2853 696 2938; x_wconf 70' lang='lat' dir='ltr'><strong>‘Optatianum</strong></span> <span class='ocrx_word' id='word_1_191' title='bbox 711 2853 801 2918; x_wconf 92' lang='lat' dir='ltr'><strong>illum</strong></span> <span class='ocrx_word' id='word_1_192' title='bbox 819 2852 984 2918; x_wconf 89' lang='lat' dir='ltr'><strong>Porfirium</strong></span> <span class='ocrx_word' id='word_1_193' title='bbox 1000 2851 1134 2918; x_wconf 84' lang='lat' dir='ltr'><strong>artificio</strong></span> <span class='ocrx_word' id='word_1_194' title='bbox 1149 2873 1211 2918; x_wconf 93' lang='lat' dir='ltr'><strong>non</strong></span> <span class='ocrx_word' id='word_1_195' title='bbox 1227 2854 1336 2936; x_wconf 86' lang='lat' dir='ltr'><strong>aequi—</strong></span> 
     </span>
     <span class='ocr_line' id='line_1_25' title="bbox 204 2955 1335 3044; baseline -0.004 -20"><span class='ocrx_word' id='word_1_196' title='bbox 204 2965 307 3044; x_wconf 87' lang='lat' dir='ltr'><strong>parat,</strong></span> <span class='ocrx_word' id='word_1_197' title='bbox 333 2957 388 3040; x_wconf 93' lang='lat' dir='ltr'><strong>qui</strong></span> <span class='ocrx_word' id='word_1_198' title='bbox 411 2977 468 3042; x_wconf 92' lang='lat' dir='ltr'><strong>per</strong></span> <span class='ocrx_word' id='word_1_199' title='bbox 490 2975 602 3022; x_wconf 88' lang='lat' dir='ltr'><strong>versus</strong></span> <span class='ocrx_word' id='word_1_200' title='bbox 624 2956 837 3022; x_wconf 89' lang='lat' dir='ltr'><strong>homostichos</strong></span> <span class='ocrx_word' id='word_1_201' title='bbox 856 2956 970 3021; x_wconf 88' lang='lat' dir='ltr'><strong>litteris</strong></span> <span class='ocrx_word' id='word_1_202' title='bbox 985 2963 1069 3022; x_wconf 90' lang='lat' dir='ltr'><strong>certo</strong></span> <span class='ocrx_word' id='word_1_203' title='bbox 1085 2957 1154 3021; x_wconf 90' lang='lat' dir='ltr'><strong>loco</strong></span> <span class='ocrx_word' id='word_1_204' title='bbox 1170 2955 1335 3040; x_wconf 88' lang='lat' dir='ltr'><strong>dispositis</strong></span> 
     </span>
     <span class='ocr_line' id='line_1_26' title="bbox 204 3059 1335 3145; baseline -0.001 -19"><span class='ocrx_word' id='word_1_205' title='bbox 204 3061 322 3145; x_wconf 87' lang='lat' dir='ltr'><strong>figuras</strong></span> <span class='ocrx_word' id='word_1_206' title='bbox 343 3059 474 3144; x_wconf 88' lang='lat' dir='ltr'><strong>quasvis</strong></span> <span class='ocrx_word' id='word_1_207' title='bbox 495 3059 663 3143; x_wconf 84' lang='lat' dir='ltr'><strong>expressit.</strong></span> <span class='ocrx_word' id='word_1_208' title='bbox 681 3064 701 3142; x_wconf 87' lang='lat'><strong>¹)</strong></span> <span class='ocrx_word' id='word_1_209' title='bbox 741 3059 891 3125; x_wconf 87' lang='lat' dir='ltr'><strong>Eiusdem</strong></span> <span class='ocrx_word' id='word_1_210' title='bbox 918 3065 1024 3125; x_wconf 86' lang='lat' dir='ltr'><strong>autem</strong></span> <span class='ocrx_word' id='word_1_211' title='bbox 1048 3059 1169 3142; x_wconf 92' lang='lat' dir='ltr'><strong>ingenii</strong></span> <span class='ocrx_word' id='word_1_212' title='bbox 1191 3066 1260 3124; x_wconf 90' lang='lat' dir='ltr'><strong>erat</strong></span> <span class='ocrx_word' id='word_1_213' title='bbox 1281 3059 1335 3143; x_wconf 92' lang='lat' dir='ltr'><strong>qui</strong></span> 
     </span>
     <span class='ocr_line' id='line_1_27' title="bbox 203 3163 686 3247; baseline -0.008 -17"><span class='ocrx_word' id='word_1_214' title='bbox 203 3163 363 3230; x_wconf 87' lang='lat' dir='ltr'><strong>Eudociae</strong></span> <span class='ocrx_word' id='word_1_215' title='bbox 378 3165 544 3247; x_wconf 80' lang='lat' dir='ltr'><strong>Augustae</strong></span> <span class='ocrx_word' id='word_1_216' title='bbox 560 3183 686 3228; x_wconf 90' lang='lat' dir='ltr'><strong>versum</strong></span> 
     </span>
    </p>

    <p class='ocr_par' dir='ltr' id='par_1_5' title="bbox 444 3259 1098 3352">
     <span class='ocr_line' id='line_1_28' title="bbox 444 3259 1098 3352; baseline 0 -23"><span class='ocrx_word' id='word_1_217' title='bbox 444 3259 606 3341; x_wconf 80' lang='grc' dir='ltr'><strong><em>Εὐὸοκίας</em></strong></span> <span class='ocrx_word' id='word_1_218' title='bbox 621 3260 639 3352; x_wconf 78' lang='grc' dir='ltr'><em>ἡ</em></span> <span class='ocrx_word' id='word_1_219' title='bbox 656 3265 771 3342; x_wconf 82' lang='grc' dir='ltr'><strong><em>δέλτος</em></strong></span> <span class='ocrx_word' id='word_1_220' title='bbox 786 3259 986 3352; x_wconf 77' lang='grc' dir='ltr'><em>Αὐγούστης</em></span> <span class='ocrx_word' id='word_1_221' title='bbox 1002 3266 1098 3330; x_wconf 79' lang='grc' dir='ltr'><strong><em>πέλει</em></strong></span> 
     </span>
    </p>

    <p class='ocr_par' dir='ltr' id='par_1_6' title="bbox 202 3368 1337 3969">
     <span class='ocr_line' id='line_1_29' title="bbox 203 3368 1337 3452; baseline -0.002 -16"><span class='ocrx_word' id='word_1_222' title='bbox 203 3391 298 3436; x_wconf 87' lang='lat' dir='ltr'><strong>areae</strong></span> <span class='ocrx_word' id='word_1_223' title='bbox 321 3370 419 3436; x_wconf 91' lang='lat' dir='ltr'><strong>simili</strong></span> <span class='ocrx_word' id='word_1_224' title='bbox 441 3368 534 3434; x_wconf 92' lang='lat' dir='ltr'><strong>modo</strong></span> <span class='ocrx_word' id='word_1_225' title='bbox 556 3369 721 3435; x_wconf 87' lang='lat' dir='ltr'><strong>institutae</strong></span> <span class='ocrx_word' id='word_1_226' title='bbox 742 3369 941 3434; x_wconf 89' lang='lat' dir='ltr'><strong>inscriberet.</strong></span> <span class='ocrx_word' id='word_1_227' title='bbox 952 3371 974 3450; x_wconf 84' lang='lat'><strong>²)</strong></span> <span class='ocrx_word' id='word_1_228' title='bbox 1023 3368 1115 3446; x_wconf 81' lang='lat' dir='ltr'><strong>Quae</strong></span> <span class='ocrx_word' id='word_1_229' title='bbox 1142 3369 1239 3434; x_wconf 88' lang='lat' dir='ltr'><strong>verba</strong></span> <span class='ocrx_word' id='word_1_230' title='bbox 1264 3368 1337 3452; x_wconf 90' lang='lat' dir='ltr'><strong>ipsa</strong></span> 
     </span>
     <span class='ocr_line' id='line_1_30' title="bbox 203 3471 1335 3558; baseline -0.002 -20"><span class='ocrx_word' id='word_1_231' title='bbox 203 3485 326 3557; x_wconf 84' lang='lat' dir='ltr'><strong>quoque</strong></span> <span class='ocrx_word' id='word_1_232' title='bbox 341 3472 494 3558; x_wconf 91' lang='lat' dir='ltr'><strong>imparem</strong></span> <span class='ocrx_word' id='word_1_233' title='bbox 511 3471 686 3538; x_wconf 88' lang='lat' dir='ltr'><strong>litterarum</strong></span> <span class='ocrx_word' id='word_1_234' title='bbox 702 3492 867 3536; x_wconf 90' lang='lat' dir='ltr'><strong>numerum</strong></span> <span class='ocrx_word' id='word_1_235' title='bbox 888 3471 1019 3554; x_wconf 83' lang='lat' dir='ltr'>(XXIX)</span> <span class='ocrx_word' id='word_1_236' title='bbox 1038 3471 1190 3537; x_wconf 88' lang='lat' dir='ltr'><strong>efficiunt.</strong></span> <span class='ocrx_word' id='word_1_237' title='bbox 1223 3471 1335 3536; x_wconf 89' lang='lat' dir='ltr'><strong>Paullo</strong></span> 
     </span>
     <span class='ocr_line' id='line_1_31' title="bbox 203 3573 1335 3660; baseline -0.004 -18"><span class='ocrx_word' id='word_1_238' title='bbox 203 3575 438 3642; x_wconf 90' lang='lat' dir='ltr'><strong>dissimiliorem</strong></span> <span class='ocrx_word' id='word_1_239' title='bbox 466 3575 605 3660; x_wconf 86' lang='lat' dir='ltr'><strong>speciem</strong></span> <span class='ocrx_word' id='word_1_240' title='bbox 636 3575 755 3640; x_wconf 90' lang='lat' dir='ltr'><strong>abacus</strong></span> <span class='ocrx_word' id='word_1_241' title='bbox 784 3575 817 3639; x_wconf 92' lang='lat' dir='ltr'><strong>in</strong></span> <span class='ocrx_word' id='word_1_242' title='bbox 846 3582 937 3659; x_wconf 85' lang='lat' dir='ltr'><strong>parte</strong></span> <span class='ocrx_word' id='word_1_243' title='bbox 966 3593 1082 3640; x_wconf 87' lang='lat' dir='ltr'><strong>aversa</strong></span> <span class='ocrx_word' id='word_1_244' title='bbox 1107 3575 1236 3640; x_wconf 87' lang='lat' dir='ltr'><strong>tabulae</strong></span> <span class='ocrx_word' id='word_1_245' title='bbox 1261 3573 1335 3638; x_wconf 90' lang='lat' dir='ltr'><strong>ilia-</strong></span> 
     </span>
     <span class='ocr_line' id='line_1_32' title="bbox 203 3676 1335 3763; baseline -0.004 -17"><span class='ocrx_word' id='word_1_246' title='bbox 203 3701 260 3746; x_wconf 89' lang='lat' dir='ltr'><strong>cae</strong></span> <span class='ocrx_word' id='word_1_247' title='bbox 275 3679 396 3746; x_wconf 88' lang='lat' dir='ltr'><strong>incisus</strong></span> <span class='ocrx_word' id='word_1_248' title='bbox 409 3683 429 3763; x_wconf 79' lang='lat'><strong>³)</strong></span> <span class='ocrx_word' id='word_1_249' title='bbox 451 3677 664 3762; x_wconf 82' lang='lat' dir='ltr'><strong>praesefert,</strong></span> <span class='ocrx_word' id='word_1_250' title='bbox 692 3698 784 3760; x_wconf 86' lang='lat' dir='ltr'><strong>quem</strong></span> <span class='ocrx_word' id='word_1_251' title='bbox 808 3684 884 3743; x_wconf 87' lang='lat' dir='ltr'><strong>cum</strong></span> <span class='ocrx_word' id='word_1_252' title='bbox 895 3679 954 3742; x_wconf 87' lang='lat' dir='ltr'><strong>viri</strong></span> <span class='ocrx_word' id='word_1_253' title='bbox 977 3677 1062 3743; x_wconf 88' lang='lat' dir='ltr'><strong>docti</strong></span> <span class='ocrx_word' id='word_1_254' title='bbox 1082 3676 1240 3760; x_wconf 90' lang='lat' dir='ltr'><strong>integrum</strong></span> <span class='ocrx_word' id='word_1_255' title='bbox 1260 3696 1335 3742; x_wconf 87' lang='lat' dir='ltr'><strong>cen-</strong></span> 
     </span>
     <span class='ocr_line' id='line_1_33' title="bbox 203 3779 1335 3866; baseline -0.003 -17"><span class='ocrx_word' id='word_1_256' title='bbox 203 3783 333 3862; x_wconf 87' lang='lat' dir='ltr'><strong>suerint,</strong></span> <span class='ocrx_word' id='word_1_257' title='bbox 355 3790 463 3848; x_wconf 84' lang='lat' dir='ltr'><strong>tamen</strong></span> <span class='ocrx_word' id='word_1_258' title='bbox 479 3780 671 3866; x_wconf 86' lang='lat' dir='ltr'><strong>comparatis</strong></span> <span class='ocrx_word' id='word_1_259' title='bbox 686 3779 879 3846; x_wconf 88' lang='lat' dir='ltr'><strong>Moschionis</strong></span> <span class='ocrx_word' id='word_1_260' title='bbox 896 3789 928 3845; x_wconf 89' lang='lat' dir='ltr'><strong>et</strong></span> <span class='ocrx_word' id='word_1_261' title='bbox 943 3781 1103 3847; x_wconf 78' lang='lat' dir='ltr'><strong>lludociae</strong></span> <span class='ocrx_word' id='word_1_262' title='bbox 1118 3779 1236 3846; x_wconf 85' lang='lat' dir='ltr'><strong>tabulis</strong></span> <span class='ocrx_word' id='word_1_263' title='bbox 1251 3781 1335 3846; x_wconf 91' lang='lat' dir='ltr'><strong>inte-</strong></span> 
     </span>
     <span class='ocr_line' id='line_1_34' title="bbox 202 3883 1336 3969; baseline -0.001 -19"><span class='ocrx_word' id='word_1_264' title='bbox 202 3907 293 3969; x_wconf 92' lang='lat' dir='ltr'><strong>grum</strong></span> <span class='ocrx_word' id='word_1_265' title='bbox 316 3907 379 3952; x_wconf 94' lang='lat' dir='ltr'><strong>non</strong></span> <span class='ocrx_word' id='word_1_266' title='bbox 400 3905 472 3951; x_wconf 87' lang='lat' dir='ltr'><strong>esse</strong></span> <span class='ocrx_word' id='word_1_267' title='bbox 495 3883 665 3950; x_wconf 85' lang='lat' dir='ltr'><strong>manifesto</strong></span> <span class='ocrx_word' id='word_1_268' title='bbox 688 3891 831 3969; x_wconf 89' lang='lat' dir='ltr'><strong>apparet.</strong></span> <span class='ocrx_word' id='word_1_269' title='bbox 873 3885 991 3950; x_wconf 90' lang='lat' dir='ltr'><strong>Auctor</strong></span> <span class='ocrx_word' id='word_1_270' title='bbox 1017 3885 1101 3948; x_wconf 91' lang='lat' dir='ltr'><strong>enim</strong></span> <span class='ocrx_word' id='word_1_271' title='bbox 1126 3883 1216 3949; x_wconf 93' lang='lat' dir='ltr'><strong>illius</strong></span> <span class='ocrx_word' id='word_1_272' title='bbox 1242 3903 1336 3949; x_wconf 86' lang='lat' dir='ltr'><strong>areae</strong></span> 
     </span>
    </p>
   </div>
   <div class='ocr_carea' id='block_1_4' title="bbox 202 4055 1332 4385">
    <p class='ocr_par' dir='ltr' id='par_1_7' title="bbox 274 4055 1299 4126">
     <span class='ocr_line' id='line_1_35' title="bbox 274 4055 1299 4126; baseline -0.006 -14"><span class='ocrx_word' id='word_1_273' title='bbox 274 4061 289 4126; x_wconf 76' lang='lat'><strong>¹)</strong></span> <span class='ocrx_word' id='word_1_274' title='bbox 312 4058 425 4114; x_wconf 88' lang='lat' dir='ltr'><strong>Publilii</strong></span> <span class='ocrx_word' id='word_1_275' title='bbox 438 4056 580 4126; x_wconf 78' lang='lat' dir='ltr'><strong>Optatiani</strong></span> <span class='ocrx_word' id='word_1_276' title='bbox 593 4055 702 4110; x_wconf 85' lang='lat' dir='ltr'><strong>Pcrfirii</strong></span> <span class='ocrx_word' id='word_1_277' title='bbox 715 4056 837 4110; x_wconf 87' lang='lat' dir='ltr'><strong>carmina</strong></span> <span class='ocrx_word' id='word_1_278' title='bbox 850 4055 894 4110; x_wconf 92' lang='lat' dir='ltr'><strong>ed.</strong></span> <span class='ocrx_word' id='word_1_279' title='bbox 909 4057 977 4110; x_wconf 89' lang='lat' dir='ltr'><strong>Luc.</strong></span> <span class='ocrx_word' id='word_1_280' title='bbox 993 4056 1116 4120; x_wconf 80' lang='lat' dir='ltr'><strong>Mueller,</strong></span> <span class='ocrx_word' id='word_1_281' title='bbox 1132 4055 1208 4124; x_wconf 86' lang='lat' dir='ltr'><strong>Lips.</strong></span> <span class='ocrx_word' id='word_1_282' title='bbox 1226 4057 1299 4120; x_wconf 57' lang='lat'><strong>1871.</strong></span> 
     </span>
    </p>

    <p class='ocr_par' dir='ltr' id='par_1_8' title="bbox 270 4141 1237 4214">
     <span class='ocr_line' id='line_1_36' title="bbox 270 4141 1237 4214; baseline -0.006 -16"><span class='ocrx_word' id='word_1_283' title='bbox 270 4146 288 4210; x_wconf 60' lang='grc'><strong>2)</strong></span> <span class='ocrx_word' id='word_1_284' title='bbox 310 4161 337 4198; x_wconf 82' lang='grc' dir='ltr'><strong>ν.</strong></span> <span class='ocrx_word' id='word_1_285' title='bbox 352 4143 557 4208; x_wconf 79' lang='lat' dir='ltr'><strong>Gardthausen,</strong></span> <span class='ocrx_word' id='word_1_286' title='bbox 575 4143 681 4196; x_wconf 75' lang='lat' dir='ltr'><strong>Griecd.</strong></span> <span class='ocrx_word' id='word_1_287' title='bbox 699 4142 907 4214; x_wconf 72' lang='lat' dir='ltr'><strong>Puldopraplu&#39;a,</strong></span> <span class='ocrx_word' id='word_1_288' title='bbox 923 4141 1033 4214; x_wconf 75' lang='lat' dir='ltr'><strong>Leipaiy</strong></span> <span class='ocrx_word' id='word_1_289' title='bbox 1047 4141 1122 4204; x_wconf 80' lang='lat'><strong>1879,</strong></span> <span class='ocrx_word' id='word_1_290' title='bbox 1137 4157 1163 4210; x_wconf 89' lang='lat' dir='ltr'><strong>p.</strong></span> <span class='ocrx_word' id='word_1_291' title='bbox 1182 4143 1237 4193; x_wconf 79' lang='lat'>124.</span> 
     </span>
    </p>

    <p class='ocr_par' dir='ltr' id='par_1_9' title="bbox 202 4226 1332 4385">
     <span class='ocr_line' id='line_1_37' title="bbox 269 4226 1332 4297; baseline -0.004 -11"><span class='ocrx_word' id='word_1_292' title='bbox 269 4233 287 4297; x_wconf 76' lang='lat'><strong>³)</strong></span> <span class='ocrx_word' id='word_1_293' title='bbox 309 4249 337 4286; x_wconf 89' lang='lat' dir='ltr'><strong>v.</strong></span> <span class='ocrx_word' id='word_1_294' title='bbox 352 4230 415 4286; x_wconf 87' lang='lat' dir='ltr'><strong>c.1.</strong></span> <span class='ocrx_word' id='word_1_295' title='bbox 431 4229 465 4287; x_wconf 79' lang='lat' dir='ltr'><strong>G.</strong></span> <span class='ocrx_word' id='word_1_296' title='bbox 477 4229 519 4286; x_wconf 89' lang='grc' dir='ltr'><strong>ΙΙΙ</strong></span> <span class='ocrx_word' id='word_1_297' title='bbox 532 4245 558 4284; x_wconf 88' lang='lat' dir='ltr'><strong>n.</strong></span> <span class='ocrx_word' id='word_1_298' title='bbox 570 4231 647 4284; x_wconf 84' lang='grc'><strong>6126,</strong></span> <span class='ocrx_word' id='word_1_299' title='bbox 674 4227 704 4282; x_wconf 93' lang='grc' dir='ltr'><strong>Ο.</strong></span> <span class='ocrx_word' id='word_1_300' title='bbox 717 4226 801 4292; x_wconf 83' lang='lat' dir='ltr'><strong>Jahn,</strong></span> <span class='ocrx_word' id='word_1_301' title='bbox 824 4227 989 4282; x_wconf 59' lang='lat' dir='ltr'><strong>Gessacem</strong></span> <span class='ocrx_word' id='word_1_302' title='bbox 1007 4227 1249 4282; x_wconf 76' lang='lat' dir='ltr'><strong>Br&#39;lderclrrorrs‘lren</strong></span> <span class='ocrx_word' id='word_1_303' title='bbox 1267 4243 1293 4297; x_wconf 91' lang='lat' dir='ltr'><strong>p.</strong></span> <span class='ocrx_word' id='word_1_304' title='bbox 1306 4231 1332 4283; x_wconf 77' lang='grc'><strong>4.</strong></span> 
     </span>
     <span class='ocr_line' id='line_1_38' title="bbox 202 4316 433 4385; baseline -0.013 -14"><span class='ocrx_word' id='word_1_305' title='bbox 202 4321 244 4385; x_wconf 85' lang='grc'><strong>91,</strong></span> <span class='ocrx_word' id='word_1_306' title='bbox 259 4320 316 4374; x_wconf 82' lang='lat' dir='ltr'><strong>tab.</strong></span> <span class='ocrx_word' id='word_1_307' title='bbox 330 4317 374 4373; x_wconf 86' lang='grc' dir='ltr'><strong>ΙΙΙ</strong></span> <span class='ocrx_word' id='word_1_308' title='bbox 386 4316 433 4372; x_wconf 77' lang='lat'><strong>0².</strong></span> 
     </span>
    </p>
   </div>
   <div class='ocr_carea' id='block_1_5' title="bbox 0 0 1642 4934">
    <p class='ocr_par' dir='ltr' id='par_1_10' title="bbox 0 0 1642 4934">
     <span class='ocr_line' id='line_1_39' title="bbox 0 0 1642 4934; baseline 0 1"><span class='ocrx_word' id='word_1_309' title='bbox 0 0 1642 4934; x_wconf 95' lang='lat' dir='ltr'><strong> </strong></span> 
     </span>
    </p>
   </div>
   <div class='ocr_carea' id='block_1_6' title="bbox 1633 2571 1640 4728">
    <p class='ocr_par' dir='ltr' id='par_1_11' title="bbox 1633 2571 1640 4728">
     <span class='ocr_line' id='line_1_40' title="bbox 1633 2571 1640 4728; baseline 0 0"><span class='ocrx_word' id='word_1_310' title='bbox 1633 2571 1640 4728; x_wconf 95' lang='lat' dir='ltr'><strong> </strong></span> 
     </span>
    </p>
   </div>
  </div>
 </body>
</html>
