3226 4932
261 835 353 902 Multi
376 853 487 901 versus
508 833 699 900 incohantur
720 835 761 900 ab
785 834 850 904 arsi
872 835 969 920 longa
991 833 1043 901 vel
1058 834 1201 924 ancipiti,
1229 854 1311 920 quae

176 941 363 1026 plerumque
384 938 431 1004 ita
453 937 609 1023 explicari
631 945 747 1024 potest,
774 946 810 1004 ut
831 938 873 1006 sit
894 939 977 1005 arsis
999 938 1113 1004 ultima
1135 938 1196 1004 coli
1214 944 1250 1004 ut
1263 938 1312 1002 vi-

173 1044 266 1110 detur
289 1041 466 1110 catalectici
495 1042 528 1107 in
557 1061 669 1108 versus
692 1041 917 1128 praecedentis
940 1041 1002 1109 fine
1025 1041 1132 1128 positi.
1175 1041 1312 1107 Dubita-

174 1147 218 1214 tio
241 1155 348 1212 autern
370 1147 416 1212 ibi
439 1153 508 1211 orta
530 1152 590 1224 est,
615 1145 671 1211 ubi
694 1163 807 1211 versus
830 1147 1027 1232 praecedens
1049 1145 1119 1211 colo
1136 1143 1312 1212 acatalecto

173 1241 344 1333 clauditur,
370 1249 455 1336 quod
477 1251 527 1315 bis
549 1249 585 1316 fit
606 1251 640 1314 in
661 1248 777 1315 mediis
800 1249 938 1334 strophis
962 1247 987 1316 0
1011 1249 1055 1314 VI
1075 1257 1130 1315 str.
1158 1253 1177 1313 5
1200 1244 1273 1314 etl
1295 1247 1310 1312 Ι

173 1376 224 1441 ep.
251 1361 286 1436 5,
313 1355 443 1440 saepius
465 1353 556 1420 initio
579 1353 796 1439 stropharum
823 1373 927 1437 neque
949 1351 984 1418 id
1006 1353 1121 1420 mirum
1144 1360 1208 1435 est,
1235 1351 1309 1436 quia

174 1459 206 1528 in
235 1458 300 1525 fine
322 1458 462 1524 maxime
486 1457 687 1543 stropharum
710 1457 782 1524 cola
803 1456 981 1522 acatalecta
1003 1457 1079 1542 poni
1102 1455 1206 1524 solere
1228 1455 1311 1521 vidi-

175 1581 255 1628 mus.
295 1561 349 1628 Illi
371 1569 486 1642 autem,
515 1561 569 1644 qni
591 1579 702 1626 omnes
725 1559 933 1626 difficultates
955 1559 1234 1626 instrumentorum
1257 1579 1310 1625 so

172 1664 233 1746 nis,
260 1682 339 1748 quos
358 1660 511 1748 κρούσεις
527 1661 694 1748 appellare
710 1661 825 1746 solent,
852 1661 1025 1750 suppositis
1041 1662 1198 1728 removeri
1213 1683 1309 1748 posse

171 1767 382 1849 arbitrantur,
416 1766 566 1851 strophas
595 1765 719 1832 medias
749 1765 903 1832 discissus
933 1785 1005 1832 esse
1032 1765 1066 1832 in
1095 1766 1176 1832 duas
1201 1773 1309 1852 partes

173 1891 211 1936 eo
234 1869 339 1953 modo,
366 1890 434 1954 quo,
451 1869 601 1954 strophae
623 1869 706 1934 inter
728 1889 764 1934 se
786 1868 1017 1952 discernuntur,
1043 1869 1237 1935 existimant.

259 1989 484 2057 Mauricius
507 1987 705 2073 Schmidt,
739 1991 810 2078 qui,
836 1990 869 2058 ni
892 1989 1002 2066 fallor,
1027 1991 1149 2076 primus
1171 1989 1308 2056 virorum

170 2095 334 2160 doctorum
364 2114 455 2160 arses
485 2091 647 2178 praelixas
670 2093 871 2179 stropharum
894 2093 1073 2160 doricarum
1097 2091 1210 2160 sedulo
1232 2113 1310 2159 erra-

172 2197 306 2265 minavit
326 2197 359 2262 in
380 2197 614 2264 introductione
635 2195 678 2262 ad
696 2196 915 2286 Olympiorum
938 2195 1110 2263 editionem
1134 2201 1166 2262 et
1186 2195 1310 2262 versio-

172 2320 263 2380 nem,
298 2301 479 2385 ubicunque
501 2300 584 2367 arsis
608 2297 752 2386 praelixa
774 2299 918 2384 sequitur
940 2300 1060 2367 exitum
1082 2299 1305 2382 masculinum,

171 2403 442 2470 continuationem
464 2402 604 2489 rhythmi
626 2402 695 2469 fieri
717 2409 820 2488 putat,
846 2403 926 2470 locis
949 2409 1073 2486 autem,
1099 2403 1213 2486 quales
1235 2409 1309 2467 sunt
1411 2461 1413 2472 ,

172 2503 259 2573 (lVI
276 2514 330 2572 str.
351 2511 368 2570 5
392 2514 425 2572 et
445 2504 564 2592 IIep.
585 2511 615 2588 5,
642 2505 772 2572 silentia
793 2507 978 2609 praeposita
999 2507 1204 2592 [Vorpansenl
1232 2525 1308 2572 con-

170 2610 334 2677 stituenda
357 2630 428 2676 esse
451 2609 623 2676 arbitratur
649 2610 690 2696 [p.
710 2609 860 2696 XXXV).

255 2731 324 2796 Nos
352 2737 464 2796 contra
491 2730 552 2796 hac
579 2731 652 2816 ipsa
674 2751 709 2797 re
731 2731 836 2797 denuo
859 2730 1037 2796 confirmed
1059 2731 1227 2816 opinamur
1248 2749 1305 2796 no-

170 2843 269 2901 stram
298 2855 480 2900 mensuram
511 2835 652 2900 colorum
682 2837 929 2903 acatalectorum
957 2835 991 2902 in
1017 2834 1081 2900 fine
1102 2853 1251 2900 versuum
1276 2842 1308 2900 et

171 2937 383 3023 stropharum.
416 2938 500 3003 Nam
516 2937 598 3003 sicut
613 2937 643 3004 P
658 2938 707 3003 Ill
723 2959 773 3022 ep.
793 2941 811 3004 8
828 2937 990 3024 epitritum
1005 2939 1216 3006 acatalectum
1231 2945 1306 3004 ante

169 3058 257 3122 arsin
279 3058 474 3143 disyllabum
491 3057 629 3124 dimensi
644 3077 754 3124 sumus
780 3106 825 3122 ...
840 3059 864 3106 —'
875 3075 900 3108 υ
915 3027 977 3112 μέ
993 3058 996 3144 l
1014 3079 1064 3105 w
1077 3095 1100 3106 -
1112 3075 1163 3106 w
1174 3095 1196 3104 -
1209 3095 1232 3104 -
1243 3108 1249 3121 .
1262 3105 1269 3120 .
1281 3107 1302 3139 .,

171 3161 221 3226 his
244 3180 370 3244 quoque
392 3161 471 3228 locis
494 3161 609 3230 eudem
630 3181 781 3230 mensura
803 3161 1071 3230 continuationem
1095 3161 1236 3246 rhythmi
1258 3161 1306 3226 ef-

169 3262 310 3342 ficimus;
344 3283 381 3330 eo
404 3271 510 3330 tamen
533 3263 732 3348 discrimine,
764 3264 849 3348 quod
879 3265 1005 3350 syllaba
1027 3265 1141 3332 ultima
1161 3284 1225 3336 uon
1247 3284 1306 3329 no-

171 3387 246 3432 vum
269 3367 372 3432 colum
394 3367 539 3449 incohat,
574 3367 634 3434 sed
662 3367 766 3436 ultimi
794 3367 887 3453 pedis
909 3368 1013 3436 ultimi
1035 3368 1097 3436 ooli
1119 3368 1220 3438 thesis
1243 3376 1302 3434 est.

167 3470 248 3538 Sunt
270 3476 377 3538 autam
399 3469 433 3540 hi
456 3469 520 3538 dno
543 3471 620 3538 loci:

215 3719 599 3784 ,‚‚.'w-wr.!l
625 3719 927 3784 *Vn-'...
953 3719 1256 3806 61,th‚1p,rb1·.

164 3849 220 3936 qui
242 3868 355 3915 versus
377 3869 472 3932 quam
496 3855 564 3914 arte
588 3847 789 3931 cohaereant,
816 3857 965 3935 apparet:

211 3967 330 4054 στρργ
359 4021 365 4034 .
388 4020 394 4033 .
414 3963 495 4035 ὁδὸν
518 3961 742 4053 ἁγεμονεῦσαι
765 3970 768 4054 l
794 3967 921 4038 ταύταν
944 3969 1154 4050 ἐπίστανται,
1183 4021 1218 4034 ..

209 4103 281 4168 στρ.
299 4077 327 4168 y'
354 4129 361 4146 .
383 4130 390 4146 .
410 4077 607 4166 ἐθρέψαντο
623 4079 803 4166 δράκοντος
819 4075 969 4170 ἀμεμφεῖ
993 4083 995 4164 l
1022 4081 1062 4169 ἰῷ
1083 4084 1271 4166 μελισσᾶν.
1293 4135 1299 4146 .

209 4217 281 4260 αντ.
301 4189 328 4277 y'
355 4204 607 4274 ..πεμπταῖον
636 4197 869 4295 γογεναμένον.
923 4188 1001 4260 ἀλλ’
1036 4193 1073 4262 ἐν
1103 4197 1106 4280 l
1136 4200 1303 4280 κέκρυπτο

580 4319 644 4380 γαρ
671 4345 677 4360 .
700 4348 706 4361 .
729 4347 735 4360 .
