3226 4932
283 345 302 407 1
718 377 761 388 -
808 341 892 422 [suo]
940 377 983 386 -

284 531 359 596 adn.
379 533 415 595 8:
450 530 521 596 »Vir
542 531 667 614 doctus,
701 549 800 616 penes
823 551 916 614 quem
941 529 1016 595 olim
1040 529 1101 595 luit
1123 531 1290 614 exemplar
1313 551 1426 596 mcum

284 634 433 701 editionis
463 634 610 715 Kusteri,
650 635 730 700 haec
759 634 950 719 adscripsit:
989 634 1116 718 sculp-
1146 634 1291 700 Eudooia
1320 655 1352 718 p.
1381 639 1426 699 36

284 739 341 804 dat
361 737 489 824 τύμβῳ,
515 739 599 824 quod
623 738 719 806 habet
733 745 767 805 ct
780 739 929 820 varinus,
956 737 1041 804 unde
1064 757 1124 804 sua
1145 737 1253 804 hausit
1275 737 1426 822 ψευδεν-

285 843 392 924 δοκία,
425 863 518 928 quae,
550 843 614 908 nisi
636 863 688 908 nro
710 843 818 908 omnia
839 843 971 922 fallunt,
1004 849 1055 908 cst
1082 843 1153 928 ipse
1175 841 1342 909 Varinus.«
1388 843 1425 907 Is

284 948 333 1013 vir
349 947 461 1014 doctus
477 947 549 1030 quis
572 946 678 1028 luerit,
704 947 864 1026 nescitur;
891 953 976 1013 certe
991 947 1154 1013 Eudociao
1175 947 1294 1012 sontem
1318 947 1424 1032 potis-

284 1052 399 1118 simurn
430 1052 550 1137 primns
579 1051 729 1134 agnovit,
758 1070 950 1135 quamquam
977 1057 1089 1118 auctor
1119 1051 1242 1116 violarii
1264 1051 1424 1117 Phavori-

284 1174 345 1221 nus
375 1175 448 1221 esse
478 1175 540 1221 non
570 1161 691 1239 potest,
725 1155 846 1240 quippe
873 1155 926 1238 qui
950 1161 1092 1221 mortuus
1116 1155 1157 1220 sit
1177 1175 1208 1220 a.
1231 1157 1323 1234 1531,
1356 1175 1422 1238 qno

284 1279 368 1324 snno
391 1258 489 1324 editio
512 1258 710 1324 Basilecnsis
733 1259 840 1340 loxioi,
867 1279 931 1342 qna
954 1277 1044 1324 usam
1067 1258 1243 1326 Eudociam
1265 1277 1338 1325 0110
1362 1259 1423 1324 do-

285 1363 439 1445 cebimus,
465 1363 625 1448 impressa
641 1383 704 1429 non
722 1370 802 1430 erat.
835 1363 905 1442 Quo
927 1371 1035 1430 autom
1058 1363 1188 1429 facilius
1211 1363 1273 1429 utri
1288 1371 1421 1429 senten-

284 1467 349 1532 tiae
378 1465 640 1551 adstipulandum
664 1467 721 1548 sit,
753 1467 974 1551 intellegatur,
1009 1466 1125 1550 quibus
1153 1467 1232 1532 locis
1256 1466 1353 1532 Flach
1377 1465 1422 1530 sd

285 1589 376 1634 suam
405 1568 596 1636 sententiam
626 1569 825 1655 probandam
855 1569 971 1654 utitur,
1005 1570 1135 1637 eosdem
1165 1577 1294 1635 nostrae
1320 1574 1422 1635 testes

285 1673 494 1758 proferemus.

375 1883 402 1944 1.
436 1881 524 1966 Περὶ
540 1875 804 1967 Ἀμφιδρομίων.
839 1881 922 1947 Eud.
947 1903 979 1967 p.
1000 1885 1053 1947 39.
1094 1881 1219 1948 Hausta
1241 1889 1290 1948 est
1311 1883 1423 1965 glossa

284 2005 303 2050 e
327 1984 467 2050 lontibus
490 1985 558 2050 his:
600 1987 628 2068 a)
656 1985 781 2052 initium
803 2023 845 2032 -
870 1983 1063 2069 ἐλάμβανον
1084 2006 1125 2052 cx
1147 1987 1299 2070 Harpocr.
1324 1987 1348 2051 i.
1367 2007 1399 2050 v.
1416 2025 1424 2070 ,ς

285 2089 316 2168 b)
349 2127 392 2136 —
423 2107 523 2172 usque
557 2089 601 2155 ad
634 2086 863 2175 προσήκοντες
899 2111 940 2156 ex
975 2089 1083 2156 Schol.
1120 2091 1245 2156 Platon.
1282 2088 1420 2156 Thesei.

289 2195 359 2274 160,
381 2190 419 2256 Ε.
460 2191 473 2276 11
509 2195 535 2278 c)
563 2192 620 2256 καὶ
643 2186 752 2269 ἄλλως
780 2230 823 2240 -
852 2193 894 2258 ad
916 2193 1011 2260 linem
1034 2215 1075 2260 ex
1098 2194 1203 2278 Etym.
1230 2195 1336 2278 Magn.
1364 2196 1419 2278 89,

285 2299 338 2358 sl.
374 2293 494 2360 Tribus
516 2294 568 2360 his
583 2316 600 2361 e
616 2295 761 2380 partibus
777 2296 954 2382 composita
975 2297 1086 2382 glossa
1105 2317 1175 2362 curn
1191 2297 1303 2364 eodem
1325 2297 1424 2362 trium

284 2396 423 2484 partium
456 2395 568 2464 ordine
601 2397 635 2463 in
665 2399 835 2465 Phavorini
870 2399 973 2466 lexico
1003 2400 1055 2467 od.
1081 2401 1157 2467 Bas.
1183 2423 1213 2487 p.
1237 2403 1296 2465 152
1319 2408 1419 2483 extet,

285 2507 342 2568 aut
373 2501 586 2568 Phavoriuum
617 2502 782 2570 Eudociae
810 2512 866 2570 aut
894 2504 1069 2571 Eudociam
1099 2505 1272 2572 Phavorini
1301 2505 1425 2571 fontem

285 2611 462 2672 statuamus
485 2625 617 2674 neccsse
639 2613 699 2674 011.
742 2607 839 2692 Atqui
861 2629 881 2673 a
903 2607 1044 2675 lontibus
1066 2610 1198 2696 propius
1220 2611 1314 2676 abest
1334 2609 1426 2675 Pha-

286 2709 434 2794 voriuus‚
467 2710 556 2776 velut
585 2711 618 2776 in
639 2717 731 2796 purte
760 2731 801 2777 ex
823 2712 1073 2797 Harpocratione
1102 2713 1203 2798 petita
1232 2713 1301 2778 eius
1323 2713 1426 2778 verba

286 2816 423 2890 Λυσίας
446 2814 606 2902 περὶτῆς
635 2808 855 2898 oppleturos,
889 2813 986 2902 εἴπερ
1016 2813 1151 2904 γνήσιος
1174 2810 1192 2882 ὃ
1215 2813 1314 2902 λόγος
1336 2816 1425 2882 Pha-

284 2917 413 2984 vorinus
429 2925 547 3002 servat,
573 2919 690 2985 omittit
703 2917 859 2985 Eudooia.
905 2919 997 3005 Ipsos
1020 2920 1117 3004 igitur
1132 2919 1237 2986 fontes
1251 2919 1425 3005 descripsit

285 3021 486 3088 Phavorinus
508 3028 540 3088 01
567 3021 600 3088 in
622 3023 751 3108 glossae
781 3023 915 3088 sormam
943 3023 1087 3109 redegit,
1119 3023 1334 3090 Phavorinnm
1364 3043 1425 3090 ex-

285 3127 404 3213 cerpsit
418 3125 571 3193 11110010.
611 3126 759 3193 Ceterum
783 3147 847 3193 nou
873 3115 921 3215 10,
948 3125 1032 3211 quod
1049 3126 1175 3194 Flachii
1189 3147 1306 3213 operae
1322 3126 1425 3194 dedc-

285 3239 357 3298 runt
379 3252 412 3316 p.
434 3234 505 3314 170,
539 3230 597 3296 sed
621 3225 717 3317 ἤγετο
740 3250 812 3296 cum
835 3231 978 3298 Eudocia
999 3231 1097 3300 habet
1119 3231 1335 3312 Phavorinus,
1364 3233 1426 3300 illa

285 3341 393 3401 autem
410 3328 429 3422 ἢ
445 3330 531 3398 κατά
546 3357 640 3410 τινας
656 3353 727 3399 oum
743 3333 813 3417 hoo,
840 3355 902 3401 non
918 3335 975 3399 καὶ
990 3331 1076 3400 κατά
1091 3357 1196 3418 τινας,
1222 3335 1309 3420 quod
1323 3335 1425 3402 Flseh

286 3437 413 3505 videtur
446 3437 579 3522 legisse.
632 3437 753 3504 Eadem
788 3439 873 3521 quod
906 3438 939 3503 in
969 3439 1099 3522 glossae
1132 3438 1290 3524 principio
1323 3445 1427 3506 mutat

286 3539 383 3630 ἑορτή
407 3562 464 3628 pro
486 3541 748 3627 Harpocrationis
771 3548 803 3608 01
824 3542 996 3608 Phavorini
1019 3563 1098 3609 voco
1128 3536 1253 3630 ἡμέρα,
1287 3542 1321 3608 id
1351 3562 1423 3608 curn

284 3647 318 3712 in
340 3667 453 3712 rasura
481 3645 601 3713 habeat
629 3645 791 3713 Eudociao
821 3647 937 3729 codex,
971 3666 1034 3713 non
1062 3647 1096 3713 in
1126 3647 1214 3714 fonto
1243 3647 1419 3731 inventum,

286 3750 344 3817 sod
365 3749 474 3816 fictum
497 3771 517 3816 a
540 3749 672 3816 falsario
694 3769 767 3817 esso
789 3757 934 3837 apparet.

372 3857 404 3918 2.
436 3855 523 3941 Περὶ
546 3847 762 3942 τῆςἈργοῑς.
802 3854 883 3920 Eud.
902 3877 933 3941 p.
949 3858 1001 3920 79.
1042 3855 1175 3923 Constat
1196 3855 1423 3941 hoocaputex

286 3957 336 4024 his
359 3963 508 4043 quattuor
529 3957 692 4042 partibus:
728 3949 1196 4042 01Ἀργὼ-Ἀργοναῦται.
1242 3959 1350 4044 Etym.
1377 3959 1420 4025 M.

289 4065 359 4138 136,
373 4067 424 4126 31.
444 4061 457 4146 11
480 4062 509 4144 b)
531 4059 649 4146 Ἄργος
663 4098 706 4108 -
722 4055 838 4148 αὐτὴν.
864 4061 972 4127 Schol.
988 4063 1049 4147 Ap.
1064 4061 1125 4127 Rh.
1140 4061 1253 4145 1121.
1271 4063 1285 4148 11
1308 4067 1334 4146 01
1357 4069 1426 4130 Φε-

286 4162 426 4253 ρεκύδης
448 4201 490 4210 -
514 4161 652 4252 ἐκλήθη.
685 4163 950 4249 801001.Αρ.111ι.
970 4165 995 4248 Ι,
1015 4171 1045 4229 4.
1070 4165 1083 4250 11
1114 4165 1144 4250 d)
1173 4159 1426 4254 diist-3⁴19-

285 4293 356 4356 yon.
398 4271 508 4337 Tzetn.
528 4269 605 4354 Lyo.
624 4272 697 4336 883.
738 4269 806 4335 Has
822 4275 929 4356 partes
945 4269 1087 4338 Eudooia
1101 4270 1173 4360 ipsa
1188 4271 1427 4343 consarcinavit
