3248 4928
307 423 347 484 11
742 457 784 466 -
832 419 918 502 [aar]
967 457 1008 464 -

308 612 364 677 καὶ
387 608 632 697 Σωκράτης-
656 610 872 697 δεσμωτηρίῳ
896 608 1027 674 aliunde
1050 615 1125 673 sunt
1146 607 1248 672 illata.
1289 605 1381 684 Quae
1397 625 1453 671 se-

307 723 457 800 quuntur,
483 714 664 783 eOedreno
686 717 726 800 lp.
750 717 808 780 193
824 714 942 794 Paris.)
968 719 1132 778 mutuatur
1154 711 1299 778 Eudocia
1320 709 1452 777 omissis

308 820 512 905 quibusdam.
560 819 626 887 Sed
648 819 689 886 de
712 819 763 885 his
785 820 951 886 hactenus.

776 1045 980 1056 ——-

657 1243 822 1344 LIBER
853 1241 1096 1342 TERTIUS.

395 1445 413 1529 §
433 1449 460 1508 1.
490 1441 873 1509 BIOGRAPHIOARUM
888 1441 1067 1525 glossarum
1084 1441 1222 1526 1111119
1244 1461 1341 1526 supra
1356 1463 1390 1526 p.
1415 1445 1453 1504 12

310 1547 566 1615 commemoravi.
614 1546 742 1612 Initium
774 1546 857 1612 facio
887 1545 1060 1612 aSUIDA
1082 1545 1221 1611 omnium
1244 1545 1449 1630 gravissimo.

310 1654 412 1732 Quem
434 1653 579 1737 ignotum
594 1651 757 1717 Eudociae
780 1651 881 1717 fuisse
904 1671 1051 1734 quaeque
1074 1671 1145 1716 oum
1169 1650 1238 1716 eius
1254 1650 1359 1717 lexico
1374 1671 1452 1716 con-

309 1757 457 1842 gruentia
478 1756 511 1821 in
535 1755 669 1822 violatio
692 1755 851 1839 leguntur,
880 1775 898 1822 e
921 1755 1077 1820 communi
1102 1753 1227 1820 fontei.
1246 1775 1275 1820 e.
1294 1754 1452 1838 Hesychii

310 1861 429 1928 Milesii
458 1861 598 1946 epitoma
627 1879 835 1946 promanasse
858 1857 958 1925 Flaoh
981 1859 1056 1925 iude
1078 1879 1099 1923 a
1121 1879 1153 1944 p.
1180 1861 1220 1924 35
1243 1879 1303 1944 per
1325 1862 1366 1923 65
1390 1879 1451 1944 pa-

309 1965 403 2050 ginas
426 1963 647 2032 demonstrare
670 1963 790 2030 studet.
837 1963 905 2030 Nec
927 1983 1003 2030 vero
1025 1963 1104 2028 mihi
1126 1963 1294 2050 persuasit.
1335 1963 1451 2048 Neque

310 2068 395 2136 enim
419 2074 492 2154 post
514 2087 633 2132 aunum
659 2070 740 2131 1543
767 2066 889 2132 exoribi
912 2066 1068 2152 Hesychii
1090 2065 1207 2132 Milesii
1230 2065 1369 2151 epitome
1391 2087 1452 2151 po-

311 2172 382 2254 1111,
408 2191 512 2254 neque
535 2191 606 2236 curn
630 2189 668 2236 eo
684 2169 804 2236 Suidae
826 2177 915 2236 textu
939 2169 1018 2236 facit
1032 2169 1184 2252 Eudooia,
1211 2171 1265 2254 qui
1284 2169 1455 2255 proximus

312 2278 354 2343 ab
370 2274 531 2360 Hesychio
554 2281 701 2340 servatus
724 2281 774 2340 est
794 2273 828 2339 in
851 2273 980 2360 optimis
1003 2273 1094 2340 libris
1110 2275 1139 2340 A
1154 2281 1186 2341 11
1201 2275 1238 2358 V,
1266 2273 1324 2340 sed
1346 2273 1453 2339 isdem

311 2381 378 2446 fere
400 2377 488 2444 vitiis
510 2385 607 2462 atque
623 2376 743 2443 Soidae
766 2383 892 2444 veteres
916 2377 1073 2444 editiones
1095 2377 1234 2460 insignis
1257 2383 1316 2442 est.
1358 2377 1453 2443 Prin-

310 2503 387 2570 ceps
409 2483 479 2549 eius
503 2481 601 2548 editio
624 2488 673 2547 est
695 2480 945 2548 Mediolanensis
968 2503 998 2548 a.
1022 2485 1103 2546 1499
1126 2501 1146 2546 a
1167 2481 1331 2547 Demetrio
1351 2481 1454 2548 Chal·

311 2587 449 2672 condyla
472 2607 532 2671 ope
556 2585 675 2652 codicis
697 2586 802 2651 mutili
826 2593 953 2667 curata3
980 2606 1076 2669 quam
1093 2593 1232 2672 spretam
1248 2587 1289 2652 ab
1305 2586 1455 2652 Eudocia

310 2711 382 2759 esse
411 2691 464 2757 vel
493 2710 531 2756 eo
561 2689 729 2774 docemur,
761 2691 846 2774 quod
869 2691 954 2756 duae
976 2691 1106 2774 glossae
1128 2690 1161 2756 in
1184 2709 1224 2756 ea
1247 2689 1387 2756 omissae
1411 2691 1454 2758 de

311 2794 466 2880 Dionysio
478 2794 728 2860 Halicamasseo
740 2816 771 2880 p.
791 2797 846 2859 131
867 2801 900 2860 11
915 2794 956 2860 de
971 2794 1154 2880 Hipparcho
1171 2794 1326 2879 Stagirita
1338 2815 1371 2879 p.
1388 2797 1453 2860 244

311 2899 512 2984 reperiuntur
533 2898 567 2963 in
590 2897 733 2963 violario.
782 2895 871 2975 Quas
894 2917 964 2963 cum
988 2897 1110 2983 primus
1133 2896 1271 2964 ediderit
1292 2897 1396 2964 Aldus
1418 2921 1452 2964 a.

315 3007 396 3067 1514
420 3007 547 3087 praeter
569 3001 843 3068 Mediolanensem
859 3001 941 3068 libro
957 3023 999 3066 m.
1020 3021 1046 3067 s.
1072 3021 1160 3083 1111,
1187 3007 1243 3067 aut
1264 3000 1359 3067 huius
1382 3001 1457 3068 edi-

311 3107 428 3173 tionem
453 3111 510 3170 aut
533 3105 753 3172 Basileenscm
776 3125 806 3169 a.
837 3109 917 3169 1544
941 3105 1105 3172 Mudociae
1129 3106 1246 3171 iontem
1270 3125 1342 3171 esse
1365 3107 1457 3172 1111-

313 3211 418 3278 simile
441 3215 500 3276 est.
541 3208 639 3292 Atqui
655 3209 854 3276 Basileensis
877 3209 974 3276 editio
990 3209 1140 3276 Aldinam
1164 3216 1262 3276 totam
1286 3209 1453 3294 exprimit,

312 3315 375 3382 nisi
397 3313 482 3400 quod
504 3313 542 3393 is,
570 3313 624 3396 qui
647 3312 752 3398 operis
775 3312 925 3397 praefuit,
953 3313 1030 3380 vitia
1049 3314 1191 3381 Venetae
1215 3313 1366 3380 editionis
1389 3315 1457 3380 ali-

312 3426 389 3503 quot
410 3437 472 3483 non
496 3417 580 3481 male
604 3415 740 3482 sanavit.
781 3417 922 3495 Quarum
946 3416 1203 3484 emendationum
1226 3437 1298 3484 cum
1321 3418 1377 3483 vix
1401 3420 1457 3485 11-

312 3523 378 3588 lam
402 3521 436 3586 iu
458 3518 592 3585 violario
614 3519 821 3612 reperiamus,
848 3520 944 3586 immo
968 3521 1122 3606 pleraque
1137 3519 1276 3587 Aldinae
1298 3521 1378 3587 11111
1402 3543 1454 3589 11-

311 3626 413 3691 tineat
427 3623 581 3707 Eudocia,
608 3621 735 3689 videtur
757 3643 796 3689 ea
818 3623 897 3689 mihi
919 3645 959 3690 ex
975 3624 1093 3690 Aldino
1116 3625 1292 3710 exemplari
1315 3625 1458 3711 scripto-

312 3749 382 3794 rum
404 3727 488 3793 vitas
511 3727 728 3813 excerpsisse,
762 3727 813 3793 vel
842 3728 883 3793 ab
913 3727 977 3794 alio
1006 3735 1174 3814 excerptas
1197 3735 1293 3814 atque
1316 3751 1334 3796 e
1358 3731 1458 3796 Basi-

311 3831 415 3899 leensi
437 3831 597 3897 interdum
620 3829 808 3897 emendatas
830 3831 1005 3916 accepisse.

400 3935 484 4000 Mam
507 3954 698 4018 quamquam
718 3955 789 3999 eum
805 3934 923 4000 Aldino
938 3934 1059 4001 Suidae
1081 3941 1171 4001 textu
1193 3955 1289 4018 quam
1312 3937 1455 4004 maxime

313 4038 507 4124 conspirant,
533 4058 616 4120 quae
639 4037 679 4104 de
702 4038 885 4104 auctoribus
901 4037 1035 4105 Graecis
1050 4037 1148 4105 refert
1161 4036 1315 4123 Eudooia,
1343 4047 1455 4108 tamen

385 4280 407 4340 't
429 4276 472 4332 Cf.
493 4278 528 4331 A.
549 4278 633 4333 Daub
652 4278 702 4332 »de
721 4278 864 4333 Eudociao
883 4279 994 4333 violarit
1013 4279 1040 4332 iu
1060 4279 1126 4333 vitis
1144 4279 1311 4348 scriptorum
1330 4279 1458 4342 Graeco·

314 4378 373 4416 rum
392 4361 534 4420 lontibus«
552 4365 748 4436 Friburgousis
766 4365 904 4438 gymnasii
923 4379 1097 4436 programma
1115 4383 1141 4426 11.
1165 4367 1239 4427 1889,
