3226 4932
316 423 359 486 cc
756 459 796 469 -
843 422 930 508 [coe]
977 460 1020 469 -

404 609 464 676 His
487 610 595 676 causis
617 609 776 694 commoti,
801 630 886 694 quae
908 632 950 680 ex
964 617 1080 678 natura
1096 611 1236 697 rhythmi
1251 619 1284 679 et
1298 611 1464 680 melodiae

317 719 415 796 atque
446 733 486 780 ex
516 713 667 780 universa
692 714 738 780 rei
761 713 914 788 metricae
936 715 1081 782 Graecae
1103 715 1289 782 condicione
1311 723 1464 802 sumptae

317 824 409 900 sunt,
445 817 480 882 in
509 817 597 884 exitu
628 837 740 884 versus
768 837 810 884 ex
839 817 977 903 tripodia
1006 817 1167 906 dactylica
1189 819 1369 888 amalccta
1391 817 1463 886 fieri

317 939 486 988 censemus
515 920 728 1007 tetrapodiam
755 921 976 990 catalecticum
1006 921 1101 992 tertio
1133 921 1217 1008 pede
1250 930 1462 1008 syncopatam

323 1025 355 1108 (—'
370 1042 420 1074 w
436 1063 458 1072 -
474 1043 526 1076 w
542 1045 603 1079 ι-
618 1025 652 1111 2²)
680 1032 712 1092 ct
734 1046 774 1114 en
796 1025 923 1112 epitrito
939 1028 1115 1111 acatalecto
1131 1025 1300 1113 tripodium
1316 1027 1462 1093 trochai-

315 1149 386 1195 cam
410 1129 629 1196 catalecticam
653 1130 755 1197 altero
776 1129 859 1215 pede
875 1138 1084 1216 syncopatam
1112 1127 1144 1214 (-'
1159 1147 1185 1178 υ
1202 1129 1260 1184 1-'-
1279 1131 1328 1216 Ξ).
1369 1130 1460 1198 Gau-

316 1252 371 1300 sas
393 1241 500 1300 autem
524 1253 563 1299 ex
587 1229 747 1300 structura
769 1233 969 1320 stropharum
993 1242 1138 1320 sumptas
1160 1233 1177 1318 ξ
1202 1237 1220 1298 7
1244 1252 1458 1319 exponemus.

848 1509 920 1594 qe.

401 1661 591 1747 Priusquam
614 1664 879 1730 constructionem
903 1665 1053 1749 strophae
1076 1663 1204 1732 doricae
1220 1663 1455 1730 examinemus.

280 1771 283 1777 '
313 1766 521 1832 exhibeamus
545 1773 745 1852 conspectum
770 1787 879 1832 eorum
903 1767 1042 1833 colorum
1059 1765 1347 1848 alloeometrorum,
1373 1787 1461 1849 quae

315 1871 345 1936 ei
371 1870 571 1950 inseruntur,
606 1887 669 1952 quo
698 1869 957 1954 neminemque
988 1875 1085 1954 atque
1115 1867 1273 1936 Christian
1309 1869 1461 1952 (lletrik¹

314 1973 331 2058 ᾗ
356 1975 428 2058 602)
455 1991 513 2039 nos
537 1959 756 2056 significamus
778 1974 859 2040 haec
882 1973 954 2042 cola
976 1973 1105 2040 diversa
1127 1991 1199 2040 esse
1221 1974 1262 2038 ab
1287 1973 1345 2054 eis,
1372 1993 1461 2056 quae

313 2095 412 2161 supra
434 2076 451 2160 §
477 2080 490 2138 l
517 2075 791 2157 enumeravimus,
824 2076 900 2142 licet
929 2077 1074 2146 eiusdem
1106 2075 1170 2142 sint
1191 2075 1320 2161 generis
1341 2075 1461 2159 rhyth-

316 2180 401 2245 mici.
690 2193 692 2196 ·

404 2305 430 2382 1)
457 2300 496 2365 In
523 2320 586 2366 uno
617 2302 757 2366 carmine
780 2298 806 2367 0
829 2301 910 2366 XIII
940 2301 1099 2367 Pindarus
1127 2299 1257 2386 stropha
1286 2319 1365 2365 usus
1392 2309 1455 2366 est.

314 2405 405 2470 cuius
428 2422 503 2489 pars
525 2403 610 2489 prior
632 2401 820 2488 logaoedica
834 2401 900 2486 est,
927 2405 1030 2471 altera
1049 2411 1156 2474 autem
1170 2405 1248 2472 item
1263 2411 1361 2486 atque
1376 2424 1461 2488 epo-

316 2508 377 2574 dus
400 2507 519 2573 dorica.
559 2508 664 2592 Atque
683 2508 765 2574 haec
778 2508 938 2574 metabole
954 2507 1174 2593 rhythmorum
1189 2508 1223 2573 in
1238 2507 1342 2574 medio
1358 2527 1457 2573 versu

315 2617 407 2678 sexto
429 2610 483 2676 fit:

477 2729 1289 2786 !.'u-w--.'u--.'w-w1‚.lu!

315 2850 371 2916 ubi
393 2847 529 2935 primum
552 2851 655 2916 colum
679 2858 728 2917 est
750 2849 889 2936 tripodis
910 2851 1099 2936 logaoedioe
1117 2851 1307 2932 acatalecto,
1334 2851 1386 2916 cui
1401 2871 1458 2916 ar·

315 2953 361 3020 sis
391 2951 533 3038 praefixa
562 2959 611 3018 est
642 2953 787 3038 (primam
815 2954 920 3020 thesin
951 2953 1046 3020 huius
1076 2953 1137 3020 coli
1166 2953 1232 3020 ictu
1257 2953 1454 3036 notavimus,

316 3077 379 3140 quo
403 3055 600 3140 significetur
621 3057 747 3122 initium
770 3057 849 3139 coli,
882 3078 946 3124 non
973 3057 1057 3124 ictus
1079 3057 1273 3124 fortissimus
1296 3055 1378 3139 coli,
1410 3055 1456 3125 de

316 3161 405 3228 cuius
433 3159 504 3226 loco
533 3159 568 3226 in
595 3159 674 3226 colis
704 3159 898 3245 logaoedicis
920 3160 1001 3228 nihil
1024 3168 1110 3228 certo
1132 3162 1281 3245 constat).
1329 3161 1397 3228 Sed
1419 3161 1457 3228 in

314 3263 426 3329 ultimo
454 3261 537 3348 pede
568 3262 742 3348 spondiaco
766 3265 870 3330 colum
892 3263 1116 3348 logaoedicum
1138 3271 1285 3331 naturam
1308 3264 1453 3330 colorum

313 3367 493 3434 doricorum
515 3367 707 3452 assumpsit,
734 3366 816 3434 siout
837 3373 933 3434 antee
954 3388 987 3432 v.
1013 3369 1031 3432 3
1055 3368 1158 3434 colum
1180 3367 1375 3434 trochaicum
1399 3387 1456 3436 se·

314 3471 451 3538 cundum
474 3490 595 3536 morem
618 3469 816 3556 epitritorum
838 3471 871 3536 in
895 3471 1072 3556 spondeum
1096 3471 1163 3538 exit

685 3591 1076 3642 υέυῶυ--έυὲ

319 3710 444 3794 (quibus
474 3710 609 3795 syllabis
637 3711 806 3794 quominus
828 3711 1054 3797 pentapodiam
1076 3711 1249 3778 iambicam
1271 3709 1359 3778 effici
1381 3711 1457 3796 opi-

315 3834 443 3894 nemur,
472 3813 607 3899 impedit
628 3815 789 3900 spondeus
811 3835 868 3900 pro
890 3815 998 3881 iambo
1020 3815 1053 3880 in
1076 3821 1190 3897 quarta
1212 3813 1290 3881 sede
1312 3815 1459 3880 colloca-

313 3921 391 3994 tus).
439 3919 519 3982 Tam
542 3925 611 3983 arte
633 3937 708 3983 vero
730 3917 763 3982 in
784 3939 816 3982 v.
836 3921 855 3982 6
878 3918 982 3983 colum
1005 3917 1226 4002 logaoedicum
1248 3937 1319 3983 cum
1343 3916 1458 3984 dorico

313 4020 517 4086 coniunctum
540 4026 603 4100 est,
639 4027 674 4085 ut
696 4019 794 4086 octies
823 4022 904 4106 (στρ.
924 4017 966 4104 α’,
994 4041 1065 4106 στρ.
1084 4018 1127 4102 pi,
1154 4044 1226 4086 αντ.
1245 4015 1289 4102 ll,
1316 4043 1389 4084 αντ.
1408 4019 1453 4104 γ’,

313 4143 384 4208 στρ.
412 4119 451 4204 δ’,
478 4145 549 4187 αντ.
577 4120 617 4204 ὅ,
643 4143 714 4208 στρ.
741 4120 777 4204 ε’,
805 4145 877 4188 αντ.
904 4119 939 4204 e‘]
973 4143 1107 4190 caesura
1132 4123 1189 4189 fiat
1210 4129 1283 4208 poet
1304 4123 1455 4188 ultimam

312 4224 418 4291 thesin
441 4225 503 4290 ccli
524 4224 712 4308 logaoediei,
737 4225 787 4292 bis
807 4227 889 4309 (our.
910 4223 953 4310 α’,
981 4248 1051 4312 στρ.
1071 4223 1110 4311 γ’)
1136 4234 1210 4312 post
1224 4225 1362 4310 priorem
1377 4227 1455 4293 thc—

312 4331 361 4392 sin
384 4327 512 4411 epitriti,
539 4347 696 4410 nusquam
718 4327 751 4394 in
773 4327 844 4413 ipso
867 4329 957 4397 exitu
979 4329 1042 4396 coli
1065 4329 1254 4414 logaoedici.
