<?xml version="1.0" encoding="UTF-8"?>
<!DOCTYPE html PUBLIC "-//W3C//DTD XHTML 1.0 Transitional//EN"
    "http://www.w3.org/TR/xhtml1/DTD/xhtml1-transitional.dtd">
<html xmlns="http://www.w3.org/1999/xhtml" xml:lang="en" lang="en">
 <head>
  <title>
</title>
<meta http-equiv="Content-Type" content="text/html;charset=utf-8" />
  <meta name='ocr-system' content='tesseract 3.04.00' />
  <meta name='ocr-capabilities' content='ocr_page ocr_carea ocr_par ocr_line ocrx_word'/>
</head>
<body>
  <div class='ocr_page' id='page_1' title='image "./dissertationesp02stragoog_0463.png"; bbox 0 0 3274 4934; ppageno 0'>
   <div class='ocr_carea' id='block_1_1' title="bbox 271 333 972 414">
    <p class='ocr_par' dir='ltr' id='par_1_1' title="bbox 271 333 972 414">
     <span class='ocr_line' id='line_1_1' title="bbox 271 333 972 414; baseline 0 -18"><span class='ocrx_word' id='word_1_1' title='bbox 271 337 312 396; x_wconf 80' lang='lat'><strong>24</strong></span> <span class='ocrx_word' id='word_1_2' title='bbox 708 370 751 380; x_wconf 89' lang='grc'>-</span> <span class='ocrx_word' id='word_1_3' title='bbox 798 333 882 414; x_wconf 83' lang='lat'>[170]</span> <span class='ocrx_word' id='word_1_4' title='bbox 930 368 972 378; x_wconf 86' lang='lat'><em>-</em></span> 
     </span>
    </p>
   </div>
   <div class='ocr_carea' id='block_1_2' title="bbox 269 515 1404 607">
    <p class='ocr_par' dir='ltr' id='par_1_2' title="bbox 269 515 1404 607">
     <span class='ocr_line' id='line_1_2' title="bbox 269 515 1404 607; baseline -0.004 -18"><span class='ocrx_word' id='word_1_5' title='bbox 269 523 386 590; x_wconf 81' lang='lat' dir='ltr'><strong>dieitur</strong></span> <span class='ocrx_word' id='word_1_6' title='bbox 412 524 570 607; x_wconf 80' lang='grc' dir='ltr'><strong>(κατέγνω</strong></span> <span class='ocrx_word' id='word_1_7' title='bbox 594 515 698 588; x_wconf 78' lang='grc' dir='ltr'><strong><em>αὐτοῦ</em></strong></span> <span class='ocrx_word' id='word_1_8' title='bbox 720 519 904 606; x_wconf 58' lang='lat' dir='ltr'><strong>donatori:</strong></span> <span class='ocrx_word' id='word_1_9' title='bbox 931 521 994 586; x_wconf 83' lang='lat' dir='ltr'><strong>nisi</strong></span> <span class='ocrx_word' id='word_1_10' title='bbox 1016 521 1097 586; x_wconf 75' lang='lat' dir='ltr'><strong>forie</strong></span> <span class='ocrx_word' id='word_1_11' title='bbox 1120 520 1161 586; x_wconf 84' lang='lat' dir='ltr'><strong>de</strong></span> <span class='ocrx_word' id='word_1_12' title='bbox 1181 519 1404 586; x_wconf 80' lang='lat' dir='ltr'>aestimatione</span> 
     </span>
    </p>
   </div>
   <div class='ocr_carea' id='block_1_3' title="bbox 174 623 1407 3617">
    <p class='ocr_par' dir='ltr' id='par_1_3' title="bbox 267 623 1405 798">
     <span class='ocr_line' id='line_1_3' title="bbox 267 623 1405 714; baseline -0.004 -20"><span class='ocrx_word' id='word_1_13' title='bbox 267 648 392 713; x_wconf 83' lang='lat' dir='ltr'><strong>poenae</strong></span> <span class='ocrx_word' id='word_1_14' title='bbox 420 626 514 712; x_wconf 73' lang='lat' dir='ltr'><strong>[quod</strong></span> <span class='ocrx_word' id='word_1_15' title='bbox 536 634 586 694; x_wconf 88' lang='lat' dir='ltr'><strong>est</strong></span> <span class='ocrx_word' id='word_1_16' title='bbox 607 626 744 714; x_wconf 76' lang='grc' dir='ltr'><strong><em>τίμημα)</em></strong></span> <span class='ocrx_word' id='word_1_17' title='bbox 771 626 813 692; x_wconf 87' lang='lat' dir='ltr'><strong>ab</strong></span> <span class='ocrx_word' id='word_1_18' title='bbox 834 630 1020 692; x_wconf 76' lang='lat' dir='ltr'><strong>accusatore</strong></span> <span class='ocrx_word' id='word_1_19' title='bbox 1048 624 1108 691; x_wconf 87' lang='lat' dir='ltr'><strong>rite</strong></span> <span class='ocrx_word' id='word_1_20' title='bbox 1132 623 1294 710; x_wconf 86' lang='lat' dir='ltr'><strong>proposita</strong></span> <span class='ocrx_word' id='word_1_21' title='bbox 1315 624 1405 706; x_wconf 88' lang='lat' dir='ltr'><strong>cogi-</strong></span> 
     </span>
     <span class='ocr_line' id='line_1_4' title="bbox 267 732 481 798; baseline -0.009 0"><span class='ocrx_word' id='word_1_22' title='bbox 267 732 400 798; x_wconf 85' lang='lat' dir='ltr'><strong>tandum</strong></span> <span class='ocrx_word' id='word_1_23' title='bbox 422 737 481 798; x_wconf 88' lang='lat' dir='ltr'><strong>est.</strong></span> 
     </span>
    </p>

    <p class='ocr_par' dir='ltr' id='par_1_4' title="bbox 267 832 1407 2580">
     <span class='ocr_line' id='line_1_5' title="bbox 354 832 1405 916; baseline -0.006 -14"><span class='ocrx_word' id='word_1_24' title='bbox 354 835 476 902; x_wconf 83' lang='lat' dir='ltr'><strong>Eadem</strong></span> <span class='ocrx_word' id='word_1_25' title='bbox 499 835 621 902; x_wconf 87' lang='lat' dir='ltr'><strong>ratione</strong></span> <span class='ocrx_word' id='word_1_26' title='bbox 642 835 752 900; x_wconf 90' lang='lat' dir='ltr'><strong>nescio</strong></span> <span class='ocrx_word' id='word_1_27' title='bbox 774 855 816 900; x_wconf 88' lang='lat' dir='ltr'><strong>an</strong></span> <span class='ocrx_word' id='word_1_28' title='bbox 837 834 1064 900; x_wconf 83' lang='lat' dir='ltr'>Demosthenis</span> <span class='ocrx_word' id='word_1_29' title='bbox 1087 853 1212 916; x_wconf 89' lang='lat' dir='ltr'><strong>quoque</strong></span> <span class='ocrx_word' id='word_1_30' title='bbox 1234 833 1333 899; x_wconf 86' lang='lat' dir='ltr'><strong>verba</strong></span> <span class='ocrx_word' id='word_1_31' title='bbox 1352 832 1405 896; x_wconf 90' lang='lat' dir='ltr'><strong>in·</strong></span> 
     </span>
     <span class='ocr_line' id='line_1_6' title="bbox 269 935 1404 1025; baseline -0.004 -20"><span class='ocrx_word' id='word_1_32' title='bbox 269 939 476 1025; x_wconf 84' lang='lat' dir='ltr'><strong>terpretanda</strong></span> <span class='ocrx_word' id='word_1_33' title='bbox 497 938 571 1020; x_wconf 81' lang='lat' dir='ltr'><strong>sint,</strong></span> <span class='ocrx_word' id='word_1_34' title='bbox 597 957 681 1019; x_wconf 84' lang='lat' dir='ltr'><strong>quae</strong></span> <span class='ocrx_word' id='word_1_35' title='bbox 702 937 735 1002; x_wconf 90' lang='lat' dir='ltr'><strong>in</strong></span> <span class='ocrx_word' id='word_1_36' title='bbox 751 937 895 1004; x_wconf 89' lang='lat' dir='ltr'><strong>oratione</strong></span> <span class='ocrx_word' id='word_1_37' title='bbox 912 943 1022 1004; x_wconf 87' lang='lat' dir='ltr'><strong>eontra</strong></span> <span class='ocrx_word' id='word_1_38' title='bbox 1037 935 1168 1002; x_wconf 87' lang='lat' dir='ltr'><strong>Midiam</strong></span> <span class='ocrx_word' id='word_1_39' title='bbox 1184 935 1326 1020; x_wconf 82' lang='lat' dir='ltr'><strong>hahita§</strong></span> <span class='ocrx_word' id='word_1_40' title='bbox 1344 939 1404 1000; x_wconf 87' lang='grc'><strong>116</strong></span> 
     </span>
     <span class='ocr_line' id='line_1_7' title="bbox 267 1040 1404 1110; baseline -0.004 -1"><span class='ocrx_word' id='word_1_41' title='bbox 267 1045 481 1110; x_wconf 89' lang='lat' dir='ltr'><strong>inveniuntur.</strong></span> <span class='ocrx_word' id='word_1_42' title='bbox 530 1041 762 1108; x_wconf 79' lang='lat' dir='ltr'><strong>Demosthenes</strong></span> <span class='ocrx_word' id='word_1_43' title='bbox 785 1041 917 1107; x_wconf 87' lang='lat' dir='ltr'><strong>strictim</strong></span> <span class='ocrx_word' id='word_1_44' title='bbox 949 1042 989 1107; x_wconf 92' lang='lat' dir='ltr'><strong>de</strong></span> <span class='ocrx_word' id='word_1_45' title='bbox 1012 1041 1193 1106; x_wconf 85' lang='lat' dir='ltr'><strong>Nicostrato</strong></span> <span class='ocrx_word' id='word_1_46' title='bbox 1215 1040 1404 1106; x_wconf 81' lang='lat' dir='ltr'><strong>Atheniensi</strong></span> 
     </span>
     <span class='ocr_line' id='line_1_8' title="bbox 267 1145 1405 1230; baseline 0 -18"><span class='ocrx_word' id='word_1_47' title='bbox 267 1148 309 1212; x_wconf 86' lang='lat' dir='ltr'><strong>ah</strong></span> <span class='ocrx_word' id='word_1_48' title='bbox 332 1147 515 1212; x_wconf 79' lang='lat' dir='ltr'><strong>Aristarcho</strong></span> <span class='ocrx_word' id='word_1_49' title='bbox 538 1145 641 1212; x_wconf 87' lang='lat' dir='ltr'><strong>occiso</strong></span> <span class='ocrx_word' id='word_1_50' title='bbox 664 1145 819 1228; x_wconf 83' lang='lat' dir='ltr'><strong>loquitur,</strong></span> <span class='ocrx_word' id='word_1_51' title='bbox 846 1145 963 1230; x_wconf 89' lang='lat' dir='ltr'><strong>quain</strong></span> <span class='ocrx_word' id='word_1_52' title='bbox 986 1167 1020 1211; x_wconf 89' lang='lat' dir='ltr'><strong>re</strong></span> <span class='ocrx_word' id='word_1_53' title='bbox 1043 1145 1083 1211; x_wconf 91' lang='lat' dir='ltr'><strong>de</strong></span> <span class='ocrx_word' id='word_1_54' title='bbox 1106 1145 1207 1210; x_wconf 88' lang='lat' dir='ltr'><strong>Midia</strong></span> <span class='ocrx_word' id='word_1_55' title='bbox 1230 1146 1310 1212; x_wconf 88' lang='lat' dir='ltr'><strong>haec</strong></span> <span class='ocrx_word' id='word_1_56' title='bbox 1333 1167 1405 1230; x_wconf 89' lang='lat' dir='ltr'><strong>pro-</strong></span> 
     </span>
     <span class='ocr_line' id='line_1_9' title="bbox 268 1246 1405 1338; baseline -0.001 -22"><span class='ocrx_word' id='word_1_57' title='bbox 268 1251 345 1318; x_wconf 85' lang='lat' dir='ltr'><strong>fert:</strong></span> <span class='ocrx_word' id='word_1_58' title='bbox 372 1257 429 1338; x_wconf 77' lang='grc' dir='ltr'><strong><em>τῐγς</em></strong></span> <span class='ocrx_word' id='word_1_59' title='bbox 452 1249 488 1314; x_wconf 79' lang='grc' dir='ltr'><strong>δὲ</strong></span> <span class='ocrx_word' id='word_1_60' title='bbox 511 1250 634 1337; x_wconf 66' lang='grc' dir='ltr'><strong><em>βουλῆς</em></strong></span> <span class='ocrx_word' id='word_1_61' title='bbox 661 1249 741 1334; x_wconf 77' lang='grc' dir='ltr'><strong><em>περὶ</em></strong></span> <span class='ocrx_word' id='word_1_62' title='bbox 766 1246 896 1315; x_wconf 77' lang='grc' dir='ltr'><em>τούτων</em></span> <span class='ocrx_word' id='word_1_63' title='bbox 921 1251 1109 1337; x_wconf 74' lang='grc' dir='ltr'><em>καθημένης</em></span> <span class='ocrx_word' id='word_1_64' title='bbox 1135 1250 1192 1314; x_wconf 84' lang='grc' dir='ltr'><strong>καὶ</strong></span> <span class='ocrx_word' id='word_1_65' title='bbox 1215 1255 1405 1333; x_wconf 62' lang='grc' dir='ltr'><strong><em>σκοπουμέ-</em></strong></span> 
     </span>
     <span class='ocr_line' id='line_1_10' title="bbox 268 1345 1405 1440; baseline -0.002 -20"><span class='ocrx_word' id='word_1_66' title='bbox 268 1378 327 1440; x_wconf 76' lang='grc' dir='ltr'><strong>νης</strong></span> <span class='ocrx_word' id='word_1_67' title='bbox 347 1353 398 1437; x_wconf 79' lang='lat' dir='ltr'><strong>(dc</strong></span> <span class='ocrx_word' id='word_1_68' title='bbox 420 1351 604 1420; x_wconf 80' lang='lat' dir='ltr'><strong>Aristarcho</strong></span> <span class='ocrx_word' id='word_1_69' title='bbox 626 1353 709 1419; x_wconf 86' lang='lat' dir='ltr'><strong>inter</strong></span> <span class='ocrx_word' id='word_1_70' title='bbox 731 1352 863 1418; x_wconf 86' lang='lat' dir='ltr'><strong>sicarios</strong></span> <span class='ocrx_word' id='word_1_71' title='bbox 885 1355 950 1435; x_wconf 83' lang='lat' dir='ltr'><strong>reo)</strong></span> <span class='ocrx_word' id='word_1_72' title='bbox 970 1350 1156 1438; x_wconf 75' lang='grc' dir='ltr'><strong><em>’παρελθὼν</em></strong></span> <span class='ocrx_word' id='word_1_73' title='bbox 1184 1345 1282 1430; x_wconf 79' lang='grc' dir='ltr'><strong><em>οὗτος</em></strong></span> <span class='ocrx_word' id='word_1_74' title='bbox 1308 1357 1405 1439; x_wconf 83' lang='grc' dir='ltr'><strong><em>(Μει-</em></strong></span> 
     </span>
     <span class='ocr_line' id='line_1_11' title="bbox 268 1445 1406 1543; baseline 0.001 -22"><span class='ocrx_word' id='word_1_75' title='bbox 268 1457 352 1539; x_wconf 79' lang='grc' dir='ltr'><strong><em>δίας)</em></strong></span> <span class='ocrx_word' id='word_1_76' title='bbox 376 1450 542 1542; x_wconf 50' lang='grc' dir='ltr'><strong><em>’ἆγνοεῖτᾏ</em></strong></span> <span class='ocrx_word' id='word_1_77' title='bbox 574 1455 656 1543; x_wconf 75' lang='grc' dir='ltr'><strong>ἔφη,</strong></span> <span class='ocrx_word' id='word_1_78' title='bbox 691 1445 859 1542; x_wconf 61' lang='lat' dir='ltr'><strong>docvit,</strong></span> <span class='ocrx_word' id='word_1_79' title='bbox 886 1452 923 1522; x_wconf 79' lang='grc' dir='ltr'><strong>τὸ</strong></span> <span class='ocrx_word' id='word_1_80' title='bbox 947 1463 1109 1541; x_wconf 54' lang='grc' dir='ltr'><strong><em>πρᾶγμα·</em></strong></span> <span class='ocrx_word' id='word_1_81' title='bbox 1142 1457 1199 1522; x_wconf 85' lang='grc' dir='ltr'><strong>καὶ</strong></span> <span class='ocrx_word' id='word_1_82' title='bbox 1221 1454 1281 1524; x_wconf 76' lang='grc' dir='ltr'><strong>τὸν</strong></span> <span class='ocrx_word' id='word_1_83' title='bbox 1303 1451 1406 1523; x_wconf 82' lang='grc' dir='ltr'><strong><em>αὐτό-</em></strong></span> 
     </span>
     <span class='ocr_line' id='line_1_12' title="bbox 267 1554 1405 1648; baseline 0 -22"><span class='ocrx_word' id='word_1_84' title='bbox 267 1584 363 1644; x_wconf 83' lang='grc' dir='ltr'><strong><em>χειρα</em></strong></span> <span class='ocrx_word' id='word_1_85' title='bbox 380 1559 513 1642; x_wconf 71' lang='grc' dir='ltr'><strong><em>ἔχοντες</em></strong></span> <span class='ocrx_word' id='word_1_86' title='bbox 533 1561 649 1645; x_wconf 77' lang='grc' dir='ltr'><strong><em>(λέγων</em></strong></span> <span class='ocrx_word' id='word_1_87' title='bbox 664 1557 723 1626; x_wconf 76' lang='grc' dir='ltr'><strong>τὸν</strong></span> <span class='ocrx_word' id='word_1_88' title='bbox 731 1554 960 1646; x_wconf 73' lang='grc' dir='ltr'><strong><em>Ἀρίσταρχον)</em></strong></span> <span class='ocrx_word' id='word_1_89' title='bbox 982 1561 1117 1642; x_wconf 83' lang='grc' dir='ltr'><strong><em>μέλλετε</em></strong></span> <span class='ocrx_word' id='word_1_90' title='bbox 1134 1562 1191 1626; x_wconf 89' lang='grc' dir='ltr'><strong>καὶ</strong></span> <span class='ocrx_word' id='word_1_91' title='bbox 1206 1559 1332 1648; x_wconf 76' lang='grc' dir='ltr'><strong><em>ζητεῖτε</em></strong></span> <span class='ocrx_word' id='word_1_92' title='bbox 1349 1562 1405 1626; x_wconf 86' lang='grc' dir='ltr'><strong>καὶ</strong></span> 
     </span>
     <span class='ocr_line' id='line_1_13' title="bbox 268 1657 1406 1752; baseline 0.002 -24"><span class='ocrx_word' id='word_1_93' title='bbox 268 1661 491 1752; x_wconf 57' lang='lat' dir='ltr'><strong>aestimanda·</strong></span> <span class='ocrx_word' id='word_1_94' title='bbox 520 1658 580 1730; x_wconf 68' lang='grc' dir='ltr'><strong>οἶα</strong></span> <span class='ocrx_word' id='word_1_95' title='bbox 610 1657 847 1740; x_wconf 77' lang='grc' dir='ltr'><strong><em>ἀπσκεεαεῖτε,·</em></strong></span> <span class='ocrx_word' id='word_1_96' title='bbox 880 1658 955 1746; x_wconf 83' lang='grc' dir='ltr'><strong>σύχὶ</strong></span> <span class='ocrx_word' id='word_1_97' title='bbox 985 1661 1219 1752; x_wconf 72' lang='grc' dir='ltr'><strong><em>σαλλήψεσθε,·</em></strong></span> <span class='ocrx_word' id='word_1_98' title='bbox 1248 1665 1406 1748; x_wconf 80' lang='lat' dir='ltr'><strong>Equidem</strong></span> 
     </span>
     <span class='ocr_line' id='line_1_14' title="bbox 268 1768 1405 1855; baseline -0.001 -20"><span class='ocrx_word' id='word_1_99' title='bbox 268 1790 340 1842; x_wconf 84' lang='lat' dir='ltr'><strong>eum</strong></span> <span class='ocrx_word' id='word_1_100' title='bbox 364 1769 483 1834; x_wconf 87' lang='lat' dir='ltr'><strong>Meiere</strong></span> <span class='ocrx_word' id='word_1_101' title='bbox 506 1768 639 1849; x_wconf 86' lang='lat' dir='ltr'><strong>faciam,</strong></span> <span class='ocrx_word' id='word_1_102' title='bbox 674 1769 729 1852; x_wconf 90' lang='lat' dir='ltr'><strong>qui</strong></span> <span class='ocrx_word' id='word_1_103' title='bbox 751 1768 901 1834; x_wconf 87' lang='lat' dir='ltr'><strong>editionis</strong></span> <span class='ocrx_word' id='word_1_104' title='bbox 924 1769 1086 1835; x_wconf 88' lang='lat' dir='ltr'><strong>Midianae</strong></span> <span class='ocrx_word' id='word_1_105' title='bbox 1108 1791 1139 1855; x_wconf 95' lang='lat' dir='ltr'><strong>p.</strong></span> <span class='ocrx_word' id='word_1_106' title='bbox 1165 1773 1224 1832; x_wconf 76' lang='lat'><strong>154</strong></span> <span class='ocrx_word' id='word_1_107' title='bbox 1248 1770 1290 1836; x_wconf 87' lang='lat' dir='ltr'><strong>ad</strong></span> <span class='ocrx_word' id='word_1_108' title='bbox 1312 1770 1405 1834; x_wconf 88' lang='lat' dir='ltr'><strong>iilum</strong></span> 
     </span>
     <span class='ocr_line' id='line_1_15' title="bbox 268 1865 1406 1959; baseline 0.002 -21"><span class='ocrx_word' id='word_1_109' title='bbox 268 1873 371 1938; x_wconf 89' lang='lat' dir='ltr'><strong>locum</strong></span> <span class='ocrx_word' id='word_1_110' title='bbox 393 1873 542 1939; x_wconf 87' lang='lat' dir='ltr'><strong>adnotat:</strong></span> <span class='ocrx_word' id='word_1_111' title='bbox 565 1865 664 1938; x_wconf 87' lang='lat' dir='ltr'><strong>‘errat</strong></span> <span class='ocrx_word' id='word_1_112' title='bbox 687 1871 801 1950; x_wconf 78' lang='lat' dir='ltr'><strong>schot,</strong></span> <span class='ocrx_word' id='word_1_113' title='bbox 828 1871 912 1955; x_wconf 91' lang='lat' dir='ltr'><strong>quod</strong></span> <span class='ocrx_word' id='word_1_114' title='bbox 936 1879 1092 1954; x_wconf 84' lang='lat' dir='ltr'><strong>senatum,</strong></span> <span class='ocrx_word' id='word_1_115' title='bbox 1130 1874 1216 1959; x_wconf 90' lang='lat' dir='ltr'><strong>apud</strong></span> <span class='ocrx_word' id='word_1_116' title='bbox 1247 1894 1406 1957; x_wconf 88' lang='lat' dir='ltr'><strong>qucrnea</strong></span> 
     </span>
     <span class='ocr_line' id='line_1_16' title="bbox 268 1977 1406 2062; baseline -0.001 -19"><span class='ocrx_word' id='word_1_117' title='bbox 268 1983 449 2044; x_wconf 82' lang='lat' dir='ltr'><strong>actuasset</strong></span> <span class='ocrx_word' id='word_1_118' title='bbox 472 1995 587 2058; x_wconf 88' lang='lat' dir='ltr'><strong>causa,</strong></span> <span class='ocrx_word' id='word_1_119' title='bbox 620 1977 824 2062; x_wconf 84' lang='lat' dir='ltr'><strong>Areopagum</strong></span> <span class='ocrx_word' id='word_1_120' title='bbox 848 1983 898 2042; x_wconf 91' lang='lat' dir='ltr'><strong>est</strong></span> <span class='ocrx_word' id='word_1_121' title='bbox 919 1977 1105 2060; x_wconf 75' lang='lat' dir='ltr'><strong>arbitratus,</strong></span> <span class='ocrx_word' id='word_1_122' title='bbox 1143 1978 1197 2060; x_wconf 89' lang='lat' dir='ltr'><strong>qui</strong></span> <span class='ocrx_word' id='word_1_123' title='bbox 1226 1977 1288 2042; x_wconf 87' lang='lat' dir='ltr'><strong>fuit</strong></span> <span class='ocrx_word' id='word_1_124' title='bbox 1310 1978 1406 2059; x_wconf 90' lang='lat' dir='ltr'><strong>quin-</strong></span> 
     </span>
     <span class='ocr_line' id='line_1_17' title="bbox 267 2074 1407 2168; baseline 0 -22"><span class='ocrx_word' id='word_1_125' title='bbox 267 2074 493 2166; x_wconf 85' lang='lat' dir='ltr'><strong>gentorum&#39;¹).</strong></span> <span class='ocrx_word' id='word_1_126' title='bbox 533 2081 626 2146; x_wconf 90' lang='lat' dir='ltr'><strong>Hune</strong></span> <span class='ocrx_word' id='word_1_127' title='bbox 649 2081 734 2146; x_wconf 90' lang='lat' dir='ltr'><strong>enim</strong></span> <span class='ocrx_word' id='word_1_128' title='bbox 756 2079 831 2166; x_wconf 87' lang='lat' dir='ltr'><strong>ipsa</strong></span> <span class='ocrx_word' id='word_1_129' title='bbox 851 2101 914 2146; x_wconf 81' lang='lat' dir='ltr'><strong>vox</strong></span> <span class='ocrx_word' id='word_1_130' title='bbox 938 2074 955 2168; x_wconf 75' lang='grc' dir='ltr'>ἡ</span> <span class='ocrx_word' id='word_1_131' title='bbox 978 2079 1083 2168; x_wconf 74' lang='grc' dir='ltr'><strong><em>βουλή</em></strong></span> <span class='ocrx_word' id='word_1_132' title='bbox 1107 2081 1289 2164; x_wconf 82' lang='lat' dir='ltr'><strong>significare</strong></span> <span class='ocrx_word' id='word_1_133' title='bbox 1312 2080 1407 2146; x_wconf 89' lang='lat' dir='ltr'><strong>vidc-</strong></span> 
     </span>
     <span class='ocr_line' id='line_1_18' title="bbox 267 2177 1407 2271; baseline 0 -22"><span class='ocrx_word' id='word_1_134' title='bbox 267 2191 327 2264; x_wconf 91' lang='lat' dir='ltr'><strong>tur‚</strong></span> <span class='ocrx_word' id='word_1_135' title='bbox 354 2204 426 2250; x_wconf 88' lang='lat' dir='ltr'><strong>curn</strong></span> <span class='ocrx_word' id='word_1_136' title='bbox 442 2184 646 2268; x_wconf 82' lang='lat' dir='ltr'><strong>Areopagum</strong></span> <span class='ocrx_word' id='word_1_137' title='bbox 669 2184 858 2268; x_wconf 83' lang='lat' dir='ltr'><strong>plerumque</strong></span> <span class='ocrx_word' id='word_1_138' title='bbox 881 2177 900 2270; x_wconf 82' lang='grc' dir='ltr'><em>ἡ</em></span> <span class='ocrx_word' id='word_1_139' title='bbox 923 2182 1027 2271; x_wconf 69' lang='grc' dir='ltr'><strong><em>βουλὴ</em></strong></span> <span class='ocrx_word' id='word_1_140' title='bbox 1051 2178 1069 2270; x_wconf 81' lang='grc' dir='ltr'><strong><em>ἡ</em></strong></span> <span class='ocrx_word' id='word_1_141' title='bbox 1094 2182 1130 2262; x_wconf 77' lang='grc' dir='ltr'><strong>ἐξ</strong></span> <span class='ocrx_word' id='word_1_142' title='bbox 1137 2177 1269 2270; x_wconf 83' lang='grc' dir='ltr'><strong><em>Ἀρείου</em></strong></span> <span class='ocrx_word' id='word_1_143' title='bbox 1290 2181 1407 2267; x_wconf 80' lang='grc' dir='ltr'><strong><em>πάγου</em></strong></span> 
     </span>
     <span class='ocr_line' id='line_1_19' title="bbox 268 2284 1406 2374; baseline -0.001 -21"><span class='ocrx_word' id='word_1_144' title='bbox 268 2286 425 2373; x_wconf 86' lang='lat' dir='ltr'><strong>appellari</strong></span> <span class='ocrx_word' id='word_1_145' title='bbox 449 2293 580 2353; x_wconf 88' lang='lat' dir='ltr'><strong>constet.</strong></span> <span class='ocrx_word' id='word_1_146' title='bbox 628 2287 800 2352; x_wconf 88' lang='lat' dir='ltr'><strong>Praeterea</strong></span> <span class='ocrx_word' id='word_1_147' title='bbox 823 2285 936 2374; x_wconf 80' lang='grc' dir='ltr'><strong><em>γραφὴ</em></strong></span> <span class='ocrx_word' id='word_1_148' title='bbox 968 2284 1078 2374; x_wconf 80' lang='grc' dir='ltr'><em>φόνου</em></span> <span class='ocrx_word' id='word_1_149' title='bbox 1103 2307 1167 2352; x_wconf 92' lang='lat' dir='ltr'><strong>non</strong></span> <span class='ocrx_word' id='word_1_150' title='bbox 1195 2286 1282 2372; x_wconf 88' lang='lat' dir='ltr'><strong>apud</strong></span> <span class='ocrx_word' id='word_1_151' title='bbox 1303 2287 1406 2352; x_wconf 92' lang='lat' dir='ltr'><strong>Areo-</strong></span> 
     </span>
     <span class='ocr_line' id='line_1_20' title="bbox 268 2389 1401 2477; baseline -0.001 -22"><span class='ocrx_word' id='word_1_152' title='bbox 268 2411 386 2477; x_wconf 84' lang='lat' dir='ltr'><strong>pagum</strong></span> <span class='ocrx_word' id='word_1_153' title='bbox 409 2390 530 2476; x_wconf 85' lang='lat' dir='ltr'><strong>ipsum,</strong></span> <span class='ocrx_word' id='word_1_154' title='bbox 569 2389 629 2456; x_wconf 86' lang='lat' dir='ltr'><strong>scd</strong></span> <span class='ocrx_word' id='word_1_155' title='bbox 651 2389 738 2475; x_wconf 90' lang='lat' dir='ltr'><strong>apud</strong></span> <span class='ocrx_word' id='word_1_156' title='bbox 760 2390 943 2456; x_wconf 90' lang='lat' dir='ltr'><strong>archontem</strong></span> <span class='ocrx_word' id='word_1_157' title='bbox 965 2391 1108 2472; x_wconf 73' lang='grc' dir='ltr'><strong><em>βασιλέα</em></strong></span> <span class='ocrx_word' id='word_1_158' title='bbox 1130 2391 1401 2470; x_wconf 80' lang='lat' dir='ltr'><strong>intendebatur²);</strong></span> 
     </span>
     <span class='ocr_line' id='line_1_21' title="bbox 268 2493 1406 2580; baseline -0.003 -19"><span class='ocrx_word' id='word_1_159' title='bbox 268 2494 458 2580; x_wconf 79' lang='grc' dir='ltr'><strong><em>εἰσαγγελία</em></strong></span> <span class='ocrx_word' id='word_1_160' title='bbox 480 2501 586 2560; x_wconf 85' lang='lat' dir='ltr'><strong>autem</strong></span> <span class='ocrx_word' id='word_1_161' title='bbox 609 2495 716 2560; x_wconf 87' lang='lat' dir='ltr'><strong>statim</strong></span> <span class='ocrx_word' id='word_1_162' title='bbox 740 2493 782 2559; x_wconf 89' lang='lat' dir='ltr'><strong>ad</strong></span> <span class='ocrx_word' id='word_1_163' title='bbox 805 2500 951 2560; x_wconf 85' lang='lat' dir='ltr'><strong>senatum</strong></span> <span class='ocrx_word' id='word_1_164' title='bbox 974 2494 1219 2578; x_wconf 85' lang='lat' dir='ltr'><strong>quingentorum</strong></span> <span class='ocrx_word' id='word_1_165' title='bbox 1235 2493 1406 2560; x_wconf 86' lang='lat' dir='ltr'><strong>defereba-</strong></span> 
     </span>
    </p>

    <p class='ocr_par' dir='ltr' id='par_1_5' title="bbox 174 2594 1407 3410">
     <span class='ocr_line' id='line_1_22' title="bbox 268 2594 1406 2684; baseline -0.003 -19"><span class='ocrx_word' id='word_1_166' title='bbox 268 2607 328 2665; x_wconf 89' lang='lat' dir='ltr'><strong>tur.</strong></span> <span class='ocrx_word' id='word_1_167' title='bbox 383 2598 504 2678; x_wconf 81' lang='lat' dir='ltr'><strong>Quodsi</strong></span> <span class='ocrx_word' id='word_1_168' title='bbox 534 2619 611 2664; x_wconf 90' lang='lat' dir='ltr'><strong>voce</strong></span> <span class='ocrx_word' id='word_1_169' title='bbox 639 2594 743 2684; x_wconf 74' lang='grc' dir='ltr'><strong><em>βουλή</em></strong></span> <span class='ocrx_word' id='word_1_170' title='bbox 773 2604 918 2663; x_wconf 87' lang='lat' dir='ltr'><strong>senatum</strong></span> <span class='ocrx_word' id='word_1_171' title='bbox 952 2598 1197 2683; x_wconf 88' lang='lat' dir='ltr'><strong>quingentorum</strong></span> <span class='ocrx_word' id='word_1_172' title='bbox 1231 2597 1406 2681; x_wconf 85' lang='lat' dir='ltr'><strong>significari</strong></span> 
     </span>
     <span class='ocr_line' id='line_1_23' title="bbox 174 2687 1407 2792; baseline -0.002 -24"><span class='ocrx_word' id='word_1_173' title='bbox 174 2687 175 2690; x_wconf 23' lang='lat'>¹</span> <span class='ocrx_word' id='word_1_174' title='bbox 269 2701 437 2784; x_wconf 83' lang='lat' dir='ltr'><strong>credimus,</strong></span> <span class='ocrx_word' id='word_1_175' title='bbox 464 2702 533 2768; x_wconf 86' lang='lat' dir='ltr'><strong>fieri</strong></span> <span class='ocrx_word' id='word_1_176' title='bbox 562 2722 625 2767; x_wconf 94' lang='lat' dir='ltr'><strong>non</strong></span> <span class='ocrx_word' id='word_1_177' title='bbox 648 2706 766 2786; x_wconf 89' lang='lat' dir='ltr'><strong>potest,</strong></span> <span class='ocrx_word' id='word_1_178' title='bbox 800 2701 997 2784; x_wconf 91' lang='lat' dir='ltr'><strong>quinetiam</strong></span> <span class='ocrx_word' id='word_1_179' title='bbox 1025 2702 1111 2768; x_wconf 91' lang='lat' dir='ltr'><strong>hunc</strong></span> <span class='ocrx_word' id='word_1_180' title='bbox 1132 2701 1323 2792; x_wconf 77' lang='lat' dir='ltr'><strong>paprieidam</strong></span> <span class='ocrx_word' id='word_1_181' title='bbox 1347 2721 1407 2786; x_wconf 91' lang='lat' dir='ltr'><strong>per</strong></span> 
     </span>
     <span class='ocr_line' id='line_1_24' title="bbox 268 2804 1403 2890; baseline -0.002 -19"><span class='ocrx_word' id='word_1_182' title='bbox 268 2805 480 2890; x_wconf 75' lang='grc' dir='ltr'><strong><em>εἰσαγγελίαν</em></strong></span> <span class='ocrx_word' id='word_1_183' title='bbox 516 2811 700 2871; x_wconf 81' lang='lat' dir='ltr'><strong>accusatum</strong></span> <span class='ocrx_word' id='word_1_184' title='bbox 737 2824 809 2870; x_wconf 88' lang='lat' dir='ltr'><strong>esse</strong></span> <span class='ocrx_word' id='word_1_185' title='bbox 842 2804 1030 2871; x_wconf 90' lang='lat' dir='ltr'><strong>iudicemus.</strong></span> <span class='ocrx_word' id='word_1_186' title='bbox 1092 2805 1174 2870; x_wconf 87' lang='lat' dir='ltr'><strong>Nam</strong></span> <span class='ocrx_word' id='word_1_187' title='bbox 1208 2825 1403 2888; x_wconf 86' lang='lat' dir='ltr'><strong>quamquam</strong></span> 
     </span>
     <span class='ocr_line' id='line_1_25' title="bbox 267 2909 1405 2994; baseline -0.001 -19"><span class='ocrx_word' id='word_1_188' title='bbox 267 2930 362 2976; x_wconf 90' lang='lat' dir='ltr'><strong>nemo</strong></span> <span class='ocrx_word' id='word_1_189' title='bbox 385 2909 627 2975; x_wconf 86' lang='lat' dir='ltr'><strong>Atheniensium</strong></span> <span class='ocrx_word' id='word_1_190' title='bbox 658 2909 823 2975; x_wconf 84' lang='lat' dir='ltr'><strong>nesciebat</strong></span> <span class='ocrx_word' id='word_1_191' title='bbox 859 2929 879 2973; x_wconf 89' lang='lat' dir='ltr'><strong>a</strong></span> <span class='ocrx_word' id='word_1_192' title='bbox 907 2915 1021 2975; x_wconf 87' lang='lat' dir='ltr'><strong>senatu</strong></span> <span class='ocrx_word' id='word_1_193' title='bbox 1051 2910 1119 2976; x_wconf 87' lang='lat' dir='ltr'><strong>solo</strong></span> <span class='ocrx_word' id='word_1_194' title='bbox 1148 2909 1262 2994; x_wconf 87' lang='lat' dir='ltr'><strong>capitis</strong></span> <span class='ocrx_word' id='word_1_195' title='bbox 1292 2929 1405 2992; x_wconf 88' lang='lat' dir='ltr'><strong>quem-</strong></span> 
     </span>
     <span class='ocr_line' id='line_1_26' title="bbox 268 3012 1404 3098; baseline 0 -20"><span class='ocrx_word' id='word_1_196' title='bbox 268 3034 362 3098; x_wconf 83' lang='lat' dir='ltr'><strong>quam</strong></span> <span class='ocrx_word' id='word_1_197' title='bbox 386 3013 531 3079; x_wconf 86' lang='lat' dir='ltr'><strong>damnari</strong></span> <span class='ocrx_word' id='word_1_198' title='bbox 554 3034 617 3078; x_wconf 89' lang='lat' dir='ltr'><strong>non</strong></span> <span class='ocrx_word' id='word_1_199' title='bbox 640 3032 743 3098; x_wconf 83' lang='lat' dir='ltr'><strong>posse,</strong></span> <span class='ocrx_word' id='word_1_200' title='bbox 767 3019 876 3078; x_wconf 81' lang='lat' dir='ltr'><strong>tamen</strong></span> <span class='ocrx_word' id='word_1_201' title='bbox 891 3013 1022 3084; x_wconf 82' lang='lat' dir='ltr'><strong>Midian</strong></span> <span class='ocrx_word' id='word_1_202' title='bbox 1039 3013 1083 3078; x_wconf 86' lang='lat' dir='ltr'><strong>ita</strong></span> <span class='ocrx_word' id='word_1_203' title='bbox 1099 3014 1280 3096; x_wconf 87' lang='lat' dir='ltr'><strong>loquentem</strong></span> <span class='ocrx_word' id='word_1_204' title='bbox 1296 3012 1404 3078; x_wconf 85' lang='lat' dir='ltr'><strong>facere</strong></span> 
     </span>
     <span class='ocr_line' id='line_1_27' title="bbox 269 3116 1402 3210; baseline -0.002 -28"><span class='ocrx_word' id='word_1_205' title='bbox 269 3117 387 3182; x_wconf 86' lang='lat' dir='ltr'><strong>licebat</strong></span> <span class='ocrx_word' id='word_1_206' title='bbox 408 3116 617 3182; x_wconf 89' lang='lat' dir='ltr'><strong>Demostheni</strong></span> <span class='ocrx_word' id='word_1_207' title='bbox 645 3137 703 3202; x_wconf 88' lang='lat' dir='ltr'><strong>per</strong></span> <span class='ocrx_word' id='word_1_208' title='bbox 732 3117 1024 3200; x_wconf 83' lang='lat' dir='ltr'><strong>exaggerationem,</strong></span> <span class='ocrx_word' id='word_1_209' title='bbox 1055 3117 1131 3200; x_wconf 85' lang='lat' dir='ltr'><strong>quia</strong></span> <span class='ocrx_word' id='word_1_210' title='bbox 1152 3116 1402 3210; x_wconf 83' lang='lat' dir='ltr'><strong>exspectandum</strong></span> 
     </span>
     <span class='ocr_line' id='line_1_28' title="bbox 269 3219 1401 3305; baseline -0.004 -17"><span class='ocrx_word' id='word_1_211' title='bbox 269 3229 347 3302; x_wconf 86' lang='lat' dir='ltr'><strong>erat,</strong></span> <span class='ocrx_word' id='word_1_212' title='bbox 374 3220 402 3286; x_wconf 86' lang='lat' dir='ltr'><strong>si</strong></span> <span class='ocrx_word' id='word_1_213' title='bbox 425 3227 556 3286; x_wconf 86' lang='lat' dir='ltr'><strong>senatus</strong></span> <span class='ocrx_word' id='word_1_214' title='bbox 579 3241 637 3305; x_wconf 93' lang='lat' dir='ltr'><strong>per</strong></span> <span class='ocrx_word' id='word_1_215' title='bbox 658 3220 888 3304; x_wconf 87' lang='lat' dir='ltr'><strong>praeiudicium</strong></span> <span class='ocrx_word' id='word_1_216' title='bbox 905 3221 1122 3287; x_wconf 85' lang='lat' dir='ltr'><strong>Aristarchum</strong></span> <span class='ocrx_word' id='word_1_217' title='bbox 1147 3219 1401 3301; x_wconf 84' lang='lat' dir='ltr'><strong>condemnasset,</strong></span> 
     </span>
     <span class='ocr_line' id='line_1_29' title="bbox 268 3324 1204 3410; baseline 0 -20"><span class='ocrx_word' id='word_1_218' title='bbox 268 3326 336 3390; x_wconf 89' lang='lat' dir='ltr'><strong>fore</strong></span> <span class='ocrx_word' id='word_1_219' title='bbox 359 3331 394 3390; x_wconf 92' lang='lat' dir='ltr'><strong>ut</strong></span> <span class='ocrx_word' id='word_1_220' title='bbox 414 3324 444 3389; x_wconf 90' lang='lat' dir='ltr'><strong>is</strong></span> <span class='ocrx_word' id='word_1_221' title='bbox 467 3343 623 3389; x_wconf 86' lang='lat' dir='ltr'><strong>summurn</strong></span> <span class='ocrx_word' id='word_1_222' title='bbox 647 3325 838 3409; x_wconf 87' lang='lat' dir='ltr'><strong>supplicium</strong></span> <span class='ocrx_word' id='word_1_223' title='bbox 862 3325 1028 3408; x_wconf 62' lang='lat' dir='ltr'><strong>subireth.</strong></span> <span class='ocrx_word' id='word_1_224' title='bbox 1203 3407 1204 3410; x_wconf 8' lang='grc' dir='ltr'><strong>Ἴ</strong></span> 
     </span>
    </p>

    <p class='ocr_par' dir='ltr' id='par_1_6' title="bbox 267 3427 1405 3617">
     <span class='ocr_line' id='line_1_30' title="bbox 356 3427 1405 3513; baseline 0 -19"><span class='ocrx_word' id='word_1_225' title='bbox 356 3427 574 3494; x_wconf 81' lang='lat' dir='ltr'><strong>Clarissimum</strong></span> <span class='ocrx_word' id='word_1_226' title='bbox 610 3427 748 3512; x_wconf 88' lang='lat' dir='ltr'><strong>denique</strong></span> <span class='ocrx_word' id='word_1_227' title='bbox 771 3427 982 3513; x_wconf 76' lang='grc' dir='ltr'><strong><em>εἰσαγγελίας</em></strong></span> <span class='ocrx_word' id='word_1_228' title='bbox 1011 3429 1194 3512; x_wconf 85' lang='lat' dir='ltr'><strong>exemplum</strong></span> <span class='ocrx_word' id='word_1_229' title='bbox 1218 3445 1316 3494; x_wconf 86' lang='lat' dir='ltr'><strong>eausa</strong></span> <span class='ocrx_word' id='word_1_230' title='bbox 1336 3429 1405 3494; x_wconf 89' lang='lat' dir='ltr'><strong>An-</strong></span> 
     </span>
     <span class='ocr_line' id='line_1_31' title="bbox 267 3530 1400 3617; baseline -0.004 -20"><span class='ocrx_word' id='word_1_231' title='bbox 267 3530 422 3617; x_wconf 91' lang='lat' dir='ltr'><strong>tiphontis</strong></span> <span class='ocrx_word' id='word_1_232' title='bbox 444 3531 595 3614; x_wconf 74' lang='lat' dir='ltr'><strong>oratoris,</strong></span> <span class='ocrx_word' id='word_1_233' title='bbox 622 3532 868 3616; x_wconf 90' lang='lat' dir='ltr'><strong>Archeptolemi,</strong></span> <span class='ocrx_word' id='word_1_234' title='bbox 896 3531 1080 3598; x_wconf 88' lang='lat' dir='ltr'><strong>Onomaelis</strong></span> <span class='ocrx_word' id='word_1_235' title='bbox 1102 3530 1217 3616; x_wconf 92' lang='lat' dir='ltr'><strong>prodit,</strong></span> <span class='ocrx_word' id='word_1_236' title='bbox 1250 3549 1344 3614; x_wconf 87' lang='lat' dir='ltr'><strong>quarn</strong></span> <span class='ocrx_word' id='word_1_237' title='bbox 1369 3551 1400 3594; x_wconf 87' lang='lat' dir='ltr'><strong>a.</strong></span> 
     </span>
    </p>
   </div>
   <div class='ocr_carea' id='block_1_4' title="bbox 245 3753 1404 4346">
    <p class='ocr_par' dir='ltr' id='par_1_7' title="bbox 245 3753 1404 4346">
     <span class='ocr_line' id='line_1_32' title="bbox 340 3753 1404 3826; baseline -0.004 -16"><span class='ocrx_word' id='word_1_238' title='bbox 340 3758 356 3820; x_wconf 89' lang='lat'><strong>¹)</strong></span> <span class='ocrx_word' id='word_1_239' title='bbox 377 3754 444 3810; x_wconf 87' lang='lat' dir='ltr'><strong>Alia</strong></span> <span class='ocrx_word' id='word_1_240' title='bbox 462 3754 498 3810; x_wconf 87' lang='lat' dir='ltr'><strong>A.</strong></span> <span class='ocrx_word' id='word_1_241' title='bbox 518 3755 662 3811; x_wconf 85' lang='lat' dir='ltr'><strong>Schaeieri</strong></span> <span class='ocrx_word' id='word_1_242' title='bbox 686 3757 781 3826; x_wconf 89' lang='lat' dir='ltr'><strong>opinio</strong></span> <span class='ocrx_word' id='word_1_243' title='bbox 806 3763 851 3812; x_wconf 84' lang='lat' dir='ltr'><strong>est</strong></span> <span class='ocrx_word' id='word_1_244' title='bbox 878 3758 1025 3819; x_wconf 73' lang='lat' dir='ltr'><strong>(Demosth.</strong></span> <span class='ocrx_word' id='word_1_245' title='bbox 1039 3777 1066 3812; x_wconf 87' lang='grc' dir='ltr'><strong>α.</strong></span> <span class='ocrx_word' id='word_1_246' title='bbox 1081 3775 1102 3809; x_wconf 78' lang='grc' dir='ltr'><strong>ε.</strong></span> <span class='ocrx_word' id='word_1_247' title='bbox 1119 3756 1185 3810; x_wconf 81' lang='lat' dir='ltr'><strong>Zcr&#39;t.</strong></span> <span class='ocrx_word' id='word_1_248' title='bbox 1201 3755 1228 3811; x_wconf 90' lang='lat'><strong>11</strong></span> <span class='ocrx_word' id='word_1_249' title='bbox 1249 3758 1307 3820; x_wconf 61' lang='grc' dir='ltr'><strong>θυι</strong></span> <span class='ocrx_word' id='word_1_250' title='bbox 1330 3753 1404 3808; x_wconf 72' lang='lat' dir='ltr'><strong>‘Der</strong></span> 
     </span>
     <span class='ocr_line' id='line_1_33' title="bbox 245 3842 1404 3908; baseline 0 -13"><span class='ocrx_word' id='word_1_251' title='bbox 245 3903 246 3908; x_wconf 13' lang='lat'>¹</span> <span class='ocrx_word' id='word_1_252' title='bbox 269 3843 356 3906; x_wconf 78' lang='lat' dir='ltr'><strong>Raro,</strong></span> <span class='ocrx_word' id='word_1_253' title='bbox 381 3842 490 3896; x_wconf 76' lang='lat' dir='ltr'><strong>rrelcher</strong></span> <span class='ocrx_word' id='word_1_254' title='bbox 513 3844 564 3896; x_wconf 81' lang='lat' dir='ltr'><strong>dea</strong></span> <span class='ocrx_word' id='word_1_255' title='bbox 591 3844 690 3897; x_wconf 71' lang='lat' dir='ltr'><strong>Thata-</strong></span> <span class='ocrx_word' id='word_1_256' title='bbox 711 3851 763 3898; x_wconf 79' lang='lat' dir='ltr'><strong>crat</strong></span> <span class='ocrx_word' id='word_1_257' title='bbox 786 3861 817 3896; x_wconf 76' lang='lat' dir='ltr'><strong>aa</strong></span> <span class='ocrx_word' id='word_1_258' title='bbox 842 3845 972 3898; x_wconf 75' lang='lat' dir='ltr'><strong>cmrrittcin</strong></span> <span class='ocrx_word' id='word_1_259' title='bbox 996 3845 1100 3908; x_wconf 78' lang='lat' dir='ltr'><strong>auchie,</strong></span> <span class='ocrx_word' id='word_1_260' title='bbox 1120 3845 1156 3897; x_wconf 72' lang='lat' dir='ltr'><strong>iat</strong></span> <span class='ocrx_word' id='word_1_261' title='bbox 1177 3843 1330 3897; x_wconf 75' lang='grc' dir='ltr'><strong><em>σσλισανλίσλ</em></strong></span> <span class='ocrx_word' id='word_1_262' title='bbox 1354 3843 1404 3895; x_wconf 82' lang='lat' dir='ltr'><strong>der</strong></span> 
     </span>
     <span class='ocr_line' id='line_1_34' title="bbox 270 3927 1402 4000; baseline -0.002 -18"><span class='ocrx_word' id='word_1_263' title='bbox 270 3931 344 3982; x_wconf 84' lang='lat' dir='ltr'><strong>Roth</strong></span> <span class='ocrx_word' id='word_1_264' title='bbox 362 3930 410 3982; x_wconf 84' lang='lat' dir='ltr'><strong>der</strong></span> <span class='ocrx_word' id='word_1_265' title='bbox 428 3933 491 3992; x_wconf 77' lang='lat'>5⁰0,</span> <span class='ocrx_word' id='word_1_266' title='bbox 519 3929 561 3982; x_wconf 82' lang='lat' dir='ltr'><strong>hei</strong></span> <span class='ocrx_word' id='word_1_267' title='bbox 583 3931 641 3982; x_wconf 77' lang='lat' dir='ltr'><strong>dent</strong></span> <span class='ocrx_word' id='word_1_268' title='bbox 667 3929 717 3984; x_wconf 78' lang='lat' dir='ltr'><strong>dac</strong></span> <span class='ocrx_word' id='word_1_269' title='bbox 742 3931 754 3998; x_wconf 64' lang='grc' dir='ltr'>ᾗ</span> <span class='ocrx_word' id='word_1_270' title='bbox 776 3932 820 3982; x_wconf 80' lang='lat'><strong>121</strong></span> <span class='ocrx_word' id='word_1_271' title='bbox 846 3931 989 4000; x_wconf 74' lang='lat' dir='ltr'><strong>cinpctcptc</strong></span> <span class='ocrx_word' id='word_1_272' title='bbox 1014 3931 1141 4000; x_wconf 75' lang='grc' dir='ltr'><strong><em>Ζσαγηίσε</em></strong></span> <span class='ocrx_word' id='word_1_273' title='bbox 1166 3930 1222 3982; x_wconf 76' lang='lat' dir='ltr'><strong>cine</strong></span> <span class='ocrx_word' id='word_1_274' title='bbox 1248 3927 1402 3998; x_wconf 71' lang='grc' dir='ltr'><strong><em>Είσσαγσλὶι</em></strong></span> 
     </span>
     <span class='ocr_line' id='line_1_35' title="bbox 268 4015 1401 4086; baseline -0.003 -16"><span class='ocrx_word' id='word_1_275' title='bbox 268 4017 353 4070; x_wconf 82' lang='lat' dir='ltr'><strong>rct&#39;dcr</strong></span> <span class='ocrx_word' id='word_1_276' title='bbox 370 4015 542 4069; x_wconf 70' lang='lat' dir='ltr'><strong>Aristarchor</strong></span> <span class='ocrx_word' id='word_1_277' title='bbox 561 4015 718 4085; x_wconf 76' lang='grc' dir='ltr'><strong><em>ααγσὸνσσλλ</em></strong></span> <span class='ocrx_word' id='word_1_278' title='bbox 736 4016 793 4070; x_wconf 76' lang='lat' dir='ltr'><strong>sein</strong></span> <span class='ocrx_word' id='word_1_279' title='bbox 812 4018 892 4078; x_wconf 70' lang='lat' dir='ltr'><strong>locst,</strong></span> <span class='ocrx_word' id='word_1_280' title='bbox 917 4017 1032 4069; x_wconf 77' lang='lat' dir='ltr'><strong>eundern</strong></span> <span class='ocrx_word' id='word_1_281' title='bbox 1055 4017 1103 4070; x_wconf 80' lang='lat' dir='ltr'><strong>der</strong></span> <span class='ocrx_word' id='word_1_282' title='bbox 1121 4019 1256 4086; x_wconf 79' lang='lat' dir='ltr'><strong>Areopap,</strong></span> <span class='ocrx_word' id='word_1_283' title='bbox 1286 4015 1335 4068; x_wconf 80' lang='lat' dir='ltr'><strong>wie</strong></span> <span class='ocrx_word' id='word_1_284' title='bbox 1353 4015 1401 4067; x_wconf 79' lang='lat' dir='ltr'><strong>der</strong></span> 
     </span>
     <span class='ocr_line' id='line_1_36' title="bbox 270 4100 822 4172; baseline 0.005 -17"><span class='ocrx_word' id='word_1_285' title='bbox 270 4101 450 4156; x_wconf 66' lang='lat' dir='ltr'><strong>Scholiasta</strong></span> <span class='ocrx_word' id='word_1_286' title='bbox 469 4101 481 4168; x_wconf 57' lang='grc' dir='ltr'>ᾗ</span> <span class='ocrx_word' id='word_1_287' title='bbox 504 4103 549 4152; x_wconf 84' lang='lat' dir='ltr'><strong>lli</strong></span> <span class='ocrx_word' id='word_1_288' title='bbox 569 4103 665 4172; x_wconf 76' lang='lat' dir='ltr'><strong>richtr&#39;q</strong></span> <span class='ocrx_word' id='word_1_289' title='bbox 683 4100 822 4158; x_wconf 65' lang='lat' dir='ltr'><strong>horretht&#39;.</strong></span> 
     </span>
     <span class='ocr_line' id='line_1_37' title="bbox 336 4186 1074 4258; baseline -0.003 -16"><span class='ocrx_word' id='word_1_290' title='bbox 336 4188 356 4250; x_wconf 60' lang='grc' dir='ltr'><strong>λ)</strong></span> <span class='ocrx_word' id='word_1_291' title='bbox 377 4186 421 4242; x_wconf 81' lang='lat' dir='ltr'><strong>ef.</strong></span> <span class='ocrx_word' id='word_1_292' title='bbox 442 4187 590 4243; x_wconf 78' lang='lat' dir='ltr'><strong>Surscmihl.</strong></span> <span class='ocrx_word' id='word_1_293' title='bbox 611 4189 640 4242; x_wconf 90' lang='lat' dir='ltr'><strong>in</strong></span> <span class='ocrx_word' id='word_1_294' title='bbox 658 4189 749 4244; x_wconf 83' lang='lat' dir='ltr'><strong>annal.</strong></span> <span class='ocrx_word' id='word_1_295' title='bbox 770 4189 865 4258; x_wconf 91' lang='lat' dir='ltr'><strong>philol.</strong></span> <span class='ocrx_word' id='word_1_296' title='bbox 890 4191 954 4240; x_wconf 72' lang='lat' dir='ltr'><strong>isos</strong></span> <span class='ocrx_word' id='word_1_297' title='bbox 973 4205 999 4258; x_wconf 91' lang='lat' dir='ltr'><strong>p.</strong></span> <span class='ocrx_word' id='word_1_298' title='bbox 1015 4190 1074 4240; x_wconf 84' lang='grc'><strong>368.</strong></span> 
     </span>
     <span class='ocr_line' id='line_1_38' title="bbox 335 4273 703 4346; baseline -0.011 -16"><span class='ocrx_word' id='word_1_299' title='bbox 335 4275 355 4338; x_wconf 72' lang='lat'><strong>³)</strong></span> <span class='ocrx_word' id='word_1_300' title='bbox 377 4273 524 4330; x_wconf 81' lang='lat' dir='ltr'><strong>Susamihl.</strong></span> <span class='ocrx_word' id='word_1_301' title='bbox 545 4274 583 4330; x_wconf 88' lang='lat' dir='ltr'><strong>ib.</strong></span> <span class='ocrx_word' id='word_1_302' title='bbox 604 4291 630 4346; x_wconf 94' lang='lat' dir='ltr'><strong>p.</strong></span> <span class='ocrx_word' id='word_1_303' title='bbox 646 4277 703 4326; x_wconf 77' lang='lat' dir='ltr'><strong>noo.</strong></span> 
     </span>
    </p>
   </div>
   <div class='ocr_carea' id='block_1_5' title="bbox 0 0 1642 4934">
    <p class='ocr_par' dir='ltr' id='par_1_8' title="bbox 0 0 1642 4934">
     <span class='ocr_line' id='line_1_39' title="bbox 0 0 1642 4934; baseline 0 0"><span class='ocrx_word' id='word_1_304' title='bbox 0 0 1642 4934; x_wconf 95' lang='lat' dir='ltr'><strong> </strong></span> 
     </span>
    </p>
   </div>
  </div>
 </body>
</html>
