3226 4932
289 339 309 400 o
738 373 779 382 -
828 336 912 416 [ars]
960 371 1000 381 -

301 525 334 590 11
357 524 521 610 Tychseni
550 531 582 590 et
611 525 750 591 Heereni
778 515 992 591 bibliothecae
1021 524 1113 609 1Βί111.
1140 523 1278 589 1911111
1302 522 1446 588 Littera-

301 636 352 694 tur
375 648 407 692 u.
426 629 540 712 Kunst)
567 629 755 714 partibnsV
778 635 810 694 et
825 629 869 694 Vl
891 649 921 694 a.
946 631 1025 693 1789
1050 648 1158 694 eorum
1177 626 1329 713 capitum,
1356 646 1442 709 quac

301 733 360 798 sub
390 731 505 828 litteris
528 731 554 796 B
573 769 616 780 -
636 733 668 797 Μ
698 733 865 816 leguntur,
905 731 1009 798 fontes
1038 731 1222 818 potissimos
1251 729 1442 796 monstravit

299 835 449 918 idemque
471 835 585 902 codem
609 836 679 902 loco
701 835 822 921 primus
846 835 886 903 de
908 836 1051 903 Eudocia
1072 835 1198 902 violarii
1225 834 1440 902 1111111111-

300 940 427 1006 bitavit.
474 940 637 1006 Permulta
659 939 744 1006 eninr
767 939 800 1006 in
824 960 862 1006 ec
885 941 1036 1024 leguntur
1057 939 1160 1006 isdem
1180 939 1287 1006 verbis
1309 945 1440 1004 narrata

300 1049 395 1126 atque
428 1043 462 1107 in
491 1042 650 1108 Eustathii
682 1049 715 1108 et
742 1045 932 1108 Γ1111111111
965 1042 1211 1110 commentariis.
1267 1042 1294 1106 Ε
1323 1041 1439 1126 quihus

302 1146 382 1231 ipsis
405 1165 476 1211 cum
496 1145 648 1228 Endocia,
675 1153 710 1212 ut
733 1147 862 1213 saeculo
885 1147 1055 1230 antiquior,
1081 1146 1209 1212 haurire
1231 1165 1294 1210 non
1316 1143 1441 1230 potuis-

301 1257 365 1333 set,
400 1271 441 1316 ex
463 1249 565 1316 isdem
595 1257 691 1335 atque
712 1251 787 1317 illos
810 1251 951 1318 fontibus
981 1271 1040 1317 sna
1070 1251 1160 1316 illam
1189 1250 1353 1317 derivasse
1382 1270 1439 1314 ar-

300 1355 501 1420 bitrabantur
523 1354 730 1420 Villoisonins
761 1361 793 1420 et
814 1355 1046 1440 Wyttenhach;
1079 1355 1113 1420 iu
1140 1354 1277 1422 eandem
1307 1359 1438 1419 senten-

301 1459 379 1524 tiam
401 1457 482 1524 abiit
504 1457 541 1523 (l.
568 1457 608 1524 G.
635 1459 771 1525 Mueller
797 1460 830 1524 in
853 1459 1052 1545 praefatione
1075 1459 1225 1525 editionis
1247 1459 1438 1523 'I'zetzarunr

300 1562 333 1627 in
350 1560 589 1646 Lycophrouem
606 1555 903 1644 commentariorum
926 1585 959 1648 p.
978 1562 1087 1628 XXVI
1103 1583 1170 1646 sq.;
1196 1562 1360 1645 eidemque
1376 1561 1440 1626 viri

300 1665 395 1746 docti,
422 1685 504 1749 quae
526 1666 570 1731 ad
592 1665 769 1732 litterarum
786 1666 981 1734 Graecarum
998 1666 1164 1732 historiam
1186 1665 1380 1752 pertinentia
1401 1664 1438 1730 in

300 1769 434 1834 violario
460 1775 588 1852 111111,
621 1790 728 1835 eornm
752 1770 906 1854 pleraque
929 1791 992 1836 non
1015 1791 1056 1836 11
1078 1771 1150 1856 ipso
1173 1769 1284 1852 Suida,
1316 1767 1374 1835 sed
1396 1789 1439 1834 ex

299 1873 403 1940 isdem
426 1873 542 1956 quibus
565 1874 656 1940 illum
680 1873 824 1940 lontibus
847 1874 980 1941 duxisse
1003 1875 1177 1942 Eudociam
1200 1873 1383 1940 censebant.

386 1977 503 2044 Contra
525 1977 600 2043 aliis
623 1977 701 2044 viris
725 1977 828 2044 doctis
858 1998 922 2044 non
945 1978 1065 2044 Suidae
1088 1978 1245 2060 fontibus,
1281 1977 1338 2043 sed
1367 1977 1440 2062 ipso

300 2081 369 2146 eius
405 2081 510 2147 lexico
547 2099 607 2146 usa
639 2100 712 2147 esse
742 2080 888 2148 Eudocia
915 2081 1103 2162 videbatur;
1141 2083 1241 2148 veluti
1271 2080 1311 2147 G.
1338 2081 1439 2147 Bem-

299 2183 402 2269 hardy
420 2184 454 2250 in
470 2185 789 2251 commentationibus
806 2185 925 2252 Suidae
941 2183 1128 2270 praemissis
1143 2185 1170 2266 Ι,
1195 2207 1227 2270 p.
1239 2184 1383 2250 XXVIII
1407 2191 1441 2250 et

300 2290 427 2354 XXXII
450 2289 533 2355 inter
555 2289 676 2356 Suidae
698 2289 926 2374 epitomatorcs
948 2297 1094 2356 numerat
1115 2289 1300 2356 Eudociam.
1336 2289 1439 2355 Cuius

300 2396 421 2463 Suidae
444 2395 594 2462 editionis
622 2396 656 2460 in
679 2415 816 2461 censura
838 2397 939 2462 Maur.
967 2395 1113 2462 Schmidt
1142 2395 1174 2461 in
1197 2396 1305 2462 annal.
1332 2394 1439 2480 philo

299 2503 363 2586 log.
394 2501 518 2583 LXXI,
549 2503 610 2563 174
634 2521 655 2564 a
688 2498 896 2586 Bernhardyo
933 2499 974 2566 ad
1008 2500 1187 2567 Villoisonii
1224 2507 1256 2566 11
1289 2499 1438 2565 Muelleri
1459 2541 1473 2553 -

298 2605 490 2672 sententiam
519 2624 685 2688 regressus
713 2605 746 2670 in
776 2603 993 2690 biographicis
1020 2626 1104 2688 quae
1134 2611 1287 2671 vocantur
1317 2605 1437 2688 glossis

299 2729 500 2776 communem
524 2707 644 2774 Suidae
668 2715 700 2774 et
721 2707 884 2774 Eudociae
905 2707 1024 2774 sontem
1048 2727 1120 2774 esse
1145 2706 1307 2773 contendit
1329 2707 1438 2790 Hesy-

298 2811 361 2878 chii
377 2811 496 2878 Milesii
511 2812 780 2895 onomatolognm.
821 2813 1040 2878 Probaverunt
1062 2811 1145 2878 hanc
1161 2811 1351 2877 sententiam
1374 2831 1437 2876 non

297 2916 402 3002 pauci,
435 2916 632 2998 argumentis
655 2916 843 2982 confirmare
873 2915 997 2982 studuit
1018 2917 1071 2980 Fr.
1097 2915 1268 2982 Nietnsche
1295 2915 1328 2980 in
1351 2935 1434 2979 mus.

297 3018 445 3086 Rhenani
467 3019 532 3085 vol.
549 3019 656 3102 XXII,
679 3023 740 3084 189
757 3039 804 3102 sq.
852 3019 914 3098 Qui
937 3039 1009 3085 cum
1032 3018 1124 3103 qnasi
1154 3020 1187 3084 in
1210 3017 1343 3084 transitu
1368 3039 1436 3084 rem

297 3123 469 3207 attigisset,
501 3123 646 3207 proximo
668 3143 752 3190 anno
778 3125 859 3188 1868
883 3123 1074 3190 contrariam
1104 3123 1295 3190 sententiam
1322 3121 1438 3188 defen-

297 3228 345 3294 dit
358 3229 396 3292 R.
407 3228 561 3294 Nitzsche
577 3227 801 3294 dissertatione
814 3228 985 3313 Lipsiensi,
1004 3249 1088 3312 quae
1103 3227 1300 3294 inscribitur:
1327 3227 1438 3305 Quae-

298 3332 435 3398 stionum
451 3331 707 3398 Mudocianarum
732 3332 838 3417 capita
854 3331 909 3397 IV.
957 3332 1017 3411 Qui
1040 3352 1233 3417 quamquam
1249 3330 1439 3416 diligentius

298 3443 331 3502 11
353 3434 534 3501 accuratius
557 3455 653 3518 quam
669 3435 839 3519 quisquam
861 3443 958 3502 antea
979 3437 1062 3502 hanc
1077 3435 1297 3519 quaestionem
1319 3441 1439 3501 tracta-

295 3541 351 3622 vit,
378 3546 485 3605 tamen
509 3559 580 3604 oum
603 3559 675 3605 eam
697 3539 827 3606 minime
850 3540 1054 3622 absolvisset,
1081 3540 1234 3626 proximis
1257 3539 1351 3604 annis
1372 3559 1438 3605 non

295 3643 466 3710 defuerunt
487 3643 541 3726 qui
557 3643 733 3710 contrarias
757 3650 866 3728 partes
890 3643 991 3710 secuti
1006 3643 1111 3710 denno
1128 3643 1258 3710 eosdem
1273 3643 1438 3708 Eudociae

297 3748 402 3814 tontes
418 3766 491 3812 csse
514 3753 610 3831 atque
627 3747 748 3814 Suidae
767 3746 1004 3828 contenderent,
1031 3754 1066 3812 ut
1088 3748 1128 3812 H.
1148 3747 1267 3813 Weber
1289 3753 1321 3812 et
1336 3747 1440 3812 Volk-

297 3871 393 3917 mann
423 3851 457 3915 in
488 3851 642 3936 philologi
672 3851 813 3934 Gotting.
848 3852 1070 3936 supplemento
1093 3851 1155 3932 lII,
1182 3854 1244 3916 169
1274 3849 1352 3916 adn.
1379 3855 1432 3931 35,

296 3953 356 4020 Th.
384 3953 494 4037 Bergk
523 3955 556 4020 in
586 3955 659 4020 hist.
687 3955 747 4020 litt.
774 3953 829 4020 Gr.
856 3955 883 4034 I,
909 3976 940 4039 p.
962 3958 1043 4037 293,
1081 3957 1118 4020 Il.
1146 3954 1257 4021 Rhode
1287 3955 1321 4020 in
1351 3975 1435 4022 mus.

298 4059 357 4122 lib.
377 4058 536 4137 XXXIII,
564 4079 595 4142 p.
618 4061 695 4122 180:
729 4059 910 4142 nuperrime
933 4059 1071 4126 Ioannes
1094 4059 1195 4124 Flaeh
1217 4059 1438 4143 Tubingensis

298 4161 379 4228 libro
402 4181 433 4225 a.
456 4163 537 4225 1879
561 4161 682 4244 publici
711 4160 790 4227 iuris
813 4162 913 4242 lacto,
949 4162 1003 4246 qui
1024 4161 1227 4228 inscribitur:
1265 4161 1440 4228 111111111-

298 4265 447 4349 chungen
462 4265 541 4330 uber
556 4263 703 4332 Eudokia
719 4264 785 4334 und
800 4265 943 4346 Snidas«,
963 4265 1117 4356 Hesychii
1128 4265 1247 4335 Milesii
1263 4265 1438 4354 epitomem
