3258 4924
657 455 869 516 ..68-

194 648 280 714 idem
301 668 360 734 per
376 667 469 712 omne
492 651 616 732 ternpus
633 645 752 710 liberae
774 644 968 730 reipublicae
983 644 1227 712 Atheniensium
1251 646 1331 712 obti-

193 755 301 819 nuisse
324 751 408 815 tituli
431 751 555 815 docent.

297 855 370 921 Non
393 855 494 940 magis
519 853 741 918 Sohoemanno
771 854 804 917 in
835 874 873 918 eo
897 855 1070 924 assentior,
1100 857 1186 940 quod
1218 877 1329 923 vocem

195 961 298 1043 κυρίαν
324 961 591 1046 interpretaturus
620 979 639 1022 a
668 957 786 1023 Solone
817 956 892 1020 dicit
921 979 1016 1022 unam
1047 960 1229 1026 contionem
1260 983 1330 1026 esse

195 1065 400 1130 constitutam
431 1083 565 1148 eamque
588 1062 692 1143 κυρίαν
715 1083 784 1127 esse
808 1060 933 1125 dictam.
979 1061 1070 1136 Quae
1100 1069 1186 1129 recte
1218 1086 1252 1129 se
1276 1063 1330 1128 ha·

195 1171 322 1246 herent,
352 1168 379 1233 si
410 1169 514 1232 contio
539 1166 625 1248 κυρία
656 1167 851 1230 eontrarium
876 1172 960 1231 esset
981 1165 1165 1250 συγκλήτους
1194 1169 1330 1233 vidimus

195 1279 302 1340 autem
327 1292 439 1337 vocem
461 1268 604 1351 ἐκκλησία
619 1269 706 1351 κυρία
730 1271 908 1356 oppositam
933 1291 1004 1334 esse
1023 1270 1155 1354 simplici
1170 1273 1330 1360 ἐκκλησίαι

195 1385 345 1462 utrasque
361 1381 397 1438 ut
420 1373 596 1439 ordinarias
613 1374 805 1437 contrarium
829 1373 957 1439 efficere
975 1374 1130 1439 contionis
1148 1374 1330 1458 συγκλήτου.

195 1478 362 1546 Eiusmodi
392 1485 501 1542 autem
533 1477 697 1540 notionem
729 1477 817 1542 vocis
850 1479 989 1560 ἐκκλησία
1021 1477 1108 1560 κυρία
1140 1480 1267 1563 qualem
1299 1480 1331 1544 in

195 1583 294 1648 titulis
317 1588 349 1646 et
370 1580 457 1666 apud
473 1579 679 1646 Aristotelem
701 1581 890 1662 invenimus,
915 1579 1052 1645 existere
1075 1583 1217 1666 potuisse
1241 1590 1329 1646 ante·

196 1707 290 1773 quam
313 1687 422 1770 plures
445 1705 503 1770 per
517 1683 698 1771 prytaniam
723 1686 888 1750 contiones
912 1685 1105 1750 constitutae
1128 1675 1243 1768 essent,
1265 1709 1330 1752 non

196 1789 362 1876 probabile
385 1795 441 1854 cst.

301 1893 502 1978 Quamquam
519 1913 615 1958 unam
630 1893 813 1957 contionem
831 1891 1020 1956 ordinariam
1041 1895 1171 1978 antiquo
1188 1901 1331 1980 tempore

197 1997 358 2063 suffecisse
380 1995 547 2082 prytaniae
571 2017 801 2082 numerumque
826 1997 1010 2061 contionum
1035 2020 1073 2062 ex
1094 1998 1220 2064 Solonis
1243 1999 1332 2064 insti·

197 2110 266 2166 tuto
291 2103 368 2166 satis
390 2101 490 2166 fuisse
512 2100 708 2180 restrictum,
731 2100 763 2163 id
786 2099 914 2185 quidem
937 2122 1001 2166 non
1025 2102 1106 2166 male
1130 2101 1331 2168 Schoemann

197 2206 391 2291 suspicatur:
421 2203 688 2289 quemadmodum
717 2202 826 2286 ἀγοραί
855 2226 981 2290 quoque
1012 2207 1150 2270 tribuum
1174 2228 1330 2293 pagorum

199 2310 406 2395 collegiorum
423 2309 566 2394 singulae
582 2309 712 2393 singulis
728 2309 889 2374 mensibus
909 2309 1047 2375 fuerunt.
1087 2309 1182 2374 Certe
1204 2317 1240 2374 ut
1256 2333 1332 2396 qua·

199 2423 309 2480 ternae
329 2412 459 2496 singulis
482 2413 635 2498 prytaniis
659 2413 823 2478 contiones
848 2419 921 2478 ante
938 2412 1131 2479 Clisthenem
1151 2415 1333 2481 exstiterint

200 2519 267 2584 fieri
289 2539 354 2582 non
377 2523 499 2602 potest:
523 2537 542 2580 a
565 2516 728 2582 Clisthene
750 2517 819 2603 ipso
844 2517 928 2582 hunc
951 2539 1117 2582 numerum
1141 2539 1213 2584 esse
1235 2519 1332 2583 stabi·

127 2665 129 2670 -
199 2623 289 2688 litum
320 2621 406 2707 quod
429 2619 642 2684 Wachsmuth
667 2621 741 2684 hell.
764 2620 995 2686 Alterthumsk.
1024 2643 1054 2707 p.
1078 2625 1140 2687 547
1165 2625 1332 2706 coniectat,

199 2727 288 2791 nullo
310 2725 517 2790 fundamento
541 2725 658 2788 nititur.
692 2724 929 2809 Antiquissima,
953 2731 1107 2810 quantum
1130 2728 1205 2809 scio,
1228 2727 1332 2806 κυρίας

200 2830 356 2913 ἐκκλησίαις
387 2830 505 2893 mentio
529 2835 637 2892 exstat
660 2828 691 2892 in
714 2827 892 2911 fragmento
917 2830 1000 2894 tituli
1025 2829 1130 2894 OIAI
1153 2853 1183 2895 n.
1208 2831 1248 2895 25
1271 2830 1333 2894 Pe-

200 2934 284 2998 riclis
314 2939 420 2997 aetate
449 2931 555 3016 scripti
579 2953 608 2994 v.
633 2933 650 2994 1
675 2933 727 3010 [dlv
750 2933 799 3013 τῆν
829 2933 924 3015 κυρίαι
955 2933 1163 3016 ἒκ[υλησιάι];1
1194 2934 1247 2998 ubi
1276 2953 1333 2996 no·

200 3037 316 3105 tandus
340 3036 505 3115 articulus,
538 3035 592 3122 qui
622 3055 718 3099 unam
741 3035 860 3100 indicat
883 3036 986 3119 κυρίαν
1008 3037 1120 3118 fuisse;
1151 3038 1332 3123 proximum

201 3142 418 3209 testimonium
442 3147 490 3205 est
513 3138 609 3202 Arist.
632 3139 712 3203 Ach.
736 3162 766 3203 v.
785 3143 840 3204 19:
863 3138 903 3217 κός
925 3142 980 3204 νῦν
1004 3139 1092 3204 ὁπότ’
1114 3137 1207 3224 οὔσης
1229 3141 1333 3223 κυρίας

201 3247 358 3329 ἐκκλησίας
380 3243 512 3327 ἑωθινῆς
535 3239 645 3324 ἔρημος
667 3268 686 3326 η
713 3241 799 3318 11111ξ
822 3241 915 3327 αὑτηί
936 3244 991 3326 (01.
1015 3247 1087 3324 88‚3
1105 3274 1145 3298 =
1162 3245 1285 3326 42615).

304 3349 372 3412 11111
396 3347 568 3432 quaeritur,
592 3367 667 3410 num
690 3351 795 3410 certus
819 3347 915 3412 fuerit
937 3349 1027 3412 locus
1043 3348 1147 3428 κυρίας
1169 3349 1333 3430 ἐκκλησίας.

201 3453 310 3538 Atque
333 3473 415 3516 unus
430 3450 548 3515 Pollux
565 3449 613 3532 (2)
637 3451 770 3534 primam
794 3471 951 3535 quamque
967 3452 1134 3536 prytaniae
1154 3451 1334 3516 contionem

203 3557 308 3636 κυρίαν
322 3554 420 3619 fuisse
438 3555 513 3618 satis
530 3553 646 3618 diserte
661 3554 827 3638 significat,
852 3575 923 3617 oum
940 3552 961 3640 η’
981 3555 1037 3636 μὲν
1053 3554 1137 3637 κυρία
1155 3563 1335 3640 opponatur

204 3665 244 3749 τῇ
266 3657 411 3747 δευτέρη,
443 3659 547 3746 τρίτῃ,
576 3655 713 3746 τετάρτη.
760 3658 906 3743 Eumque
937 3659 1037 3723 secuti
1066 3667 1141 3723 sunt
1164 3659 1220 3722 riri
1251 3659 1334 3722 docti

202 3762 394 3828 recentiores
429 3783 547 3827 omnes.
602 3764 701 3847 Atqui
734 3761 949 3848 psephismata
979 3762 1077 3847 lapidi
1110 3762 1208 3827 incisa
1238 3764 1335 3846 longe

203 3867 328 3932 diversa
350 3866 578 3931 demonstrant.
612 3865 697 3931 Nam
717 3867 749 3930 in
773 3867 872 3932 titulis
895 3867 928 3931 X
944 3867 1083 3931 tribuum
1106 3867 1221 3932 aetatis
1237 3867 1335 3930 hosce

203 3971 302 4036 habes
325 3970 481 4036 contionis
504 3971 605 4054 κυρίας
629 3969 713 4035 dies:

305 4219 313 4252 ¹
340 4215 463 4268 (lotarum
491 4217 570 4269 etiam
597 4213 778 4268 0111113411
804 4212 915 4267 dativus
939 4221 1081 4282 comparat
1106 4217 1133 4268 ἓν
1157 4217 1219 4284 nis?
1246 4213 1334 4284 κῙυρίυν

203 4302 344 4370 ἐκκλησίαΙι.
