<?xml version="1.0" encoding="UTF-8"?>
<!DOCTYPE html PUBLIC "-//W3C//DTD XHTML 1.0 Transitional//EN"
    "http://www.w3.org/TR/xhtml1/DTD/xhtml1-transitional.dtd">
<html xmlns="http://www.w3.org/1999/xhtml" xml:lang="en" lang="en">
 <head>
  <title>
</title>
<meta http-equiv="Content-Type" content="text/html;charset=utf-8" />
  <meta name='ocr-system' content='tesseract 3.04.00' />
  <meta name='ocr-capabilities' content='ocr_page ocr_carea ocr_par ocr_line ocrx_word'/>
</head>
<body>
  <div class='ocr_page' id='page_1' title='image "./dissertationesp02stragoog_0502.png"; bbox 0 0 3274 4934; ppageno 0'>
   <div class='ocr_carea' id='block_1_1' title="bbox 634 385 898 468">
    <p class='ocr_par' dir='ltr' id='par_1_1' title="bbox 634 385 898 468">
     <span class='ocr_line' id='line_1_1' title="bbox 634 385 898 468; baseline 0.004 -20"><span class='ocrx_word' id='word_1_1' title='bbox 634 422 677 432; x_wconf 87' lang='lat'><em>-</em></span> <span class='ocrx_word' id='word_1_2' title='bbox 724 385 809 468; x_wconf 79' lang='lat' dir='ltr'>[noo]</span> <span class='ocrx_word' id='word_1_3' title='bbox 856 423 898 433; x_wconf 91' lang='lat'>-</span> 
     </span>
    </p>
   </div>
   <div class='ocr_carea' id='block_1_2' title="bbox 200 575 978 662">
    <p class='ocr_par' dir='ltr' id='par_1_2' title="bbox 200 575 978 662">
     <span class='ocr_line' id='line_1_2' title="bbox 200 575 978 662; baseline 0 -22"><span class='ocrx_word' id='word_1_4' title='bbox 200 593 332 658; x_wconf 89' lang='lat' dir='ltr'>quorum</span> <span class='ocrx_word' id='word_1_5' title='bbox 355 594 504 642; x_wconf 87' lang='lat' dir='ltr'>numeros</span> <span class='ocrx_word' id='word_1_6' title='bbox 526 575 573 640; x_wconf 93' lang='lat' dir='ltr'>sio</span> <span class='ocrx_word' id='word_1_7' title='bbox 595 576 749 661; x_wconf 85' lang='lat' dir='ltr'>explicari</span> <span class='ocrx_word' id='word_1_8' title='bbox 771 594 865 662; x_wconf 92' lang='lat' dir='ltr'>posse</span> <span class='ocrx_word' id='word_1_9' title='bbox 888 576 978 642; x_wconf 91' lang='lat' dir='ltr'>dicit:</span> 
     </span>
    </p>
   </div>
   <div class='ocr_carea' id='block_1_3' title="bbox 354 665 1188 780">
    <p class='ocr_par' dir='ltr' id='par_1_3' title="bbox 354 665 1188 780">
     <span class='ocr_line' id='line_1_3' title="bbox 354 665 1188 780; baseline 0 -36"><span class='ocrx_word' id='word_1_10' title='bbox 354 665 705 778; x_wconf 58' lang='grc' dir='ltr'>,ἰυ....’.1.κ...ἕ.5ἱ</span> <span class='ocrx_word' id='word_1_11' title='bbox 732 697 1188 780; x_wconf 24' lang='lat' dir='ltr'>maheru-em&amp;</span> 
     </span>
    </p>
   </div>
   <div class='ocr_carea' id='block_1_4' title="bbox 199 817 1337 1606">
    <p class='ocr_par' dir='ltr' id='par_1_4' title="bbox 199 817 1337 1606">
     <span class='ocr_line' id='line_1_4' title="bbox 287 817 1334 903; baseline 0 -20"><span class='ocrx_word' id='word_1_12' title='bbox 287 817 562 884; x_wconf 74' lang='lat' dir='ltr'>continuationem</span> <span class='ocrx_word' id='word_1_13' title='bbox 584 823 692 884; x_wconf 88' lang='lat' dir='ltr'>autem</span> <span class='ocrx_word' id='word_1_14' title='bbox 715 817 943 903; x_wconf 79' lang='lat' dir='ltr'>rhythmicam,</span> <span class='ocrx_word' id='word_1_15' title='bbox 973 838 1038 902; x_wconf 90' lang='lat' dir='ltr'>qua</span> <span class='ocrx_word' id='word_1_16' title='bbox 1058 835 1170 884; x_wconf 89' lang='lat' dir='ltr'>versus</span> <span class='ocrx_word' id='word_1_17' title='bbox 1191 817 1226 882; x_wconf 95' lang='lat' dir='ltr'>in</span> <span class='ocrx_word' id='word_1_18' title='bbox 1249 819 1334 884; x_wconf 88' lang='lat' dir='ltr'>eins-</span> 
     </span>
     <span class='ocr_line' id='line_1_5' title="bbox 200 919 1335 1008; baseline 0.001 -23"><span class='ocrx_word' id='word_1_19' title='bbox 200 919 286 986; x_wconf 89' lang='lat' dir='ltr'>modi</span> <span class='ocrx_word' id='word_1_20' title='bbox 309 921 387 987; x_wconf 91' lang='lat' dir='ltr'>locis</span> <span class='ocrx_word' id='word_1_21' title='bbox 410 927 477 986; x_wconf 87' lang='lat' dir='ltr'>arte</span> <span class='ocrx_word' id='word_1_22' title='bbox 501 941 638 988; x_wconf 87' lang='lat' dir='ltr'>conexos</span> <span class='ocrx_word' id='word_1_23' title='bbox 662 941 734 988; x_wconf 89' lang='lat' dir='ltr'>csse</span> <span class='ocrx_word' id='word_1_24' title='bbox 756 927 899 1006; x_wconf 87' lang='lat' dir='ltr'>apparet,</span> <span class='ocrx_word' id='word_1_25' title='bbox 927 941 985 1008; x_wconf 89' lang='lat' dir='ltr'>per</span> <span class='ocrx_word' id='word_1_26' title='bbox 1002 927 1087 988; x_wconf 89' lang='lat' dir='ltr'>totas</span> <span class='ocrx_word' id='word_1_27' title='bbox 1103 920 1251 1005; x_wconf 88' lang='lat' dir='ltr'>strophas</span> <span class='ocrx_word' id='word_1_28' title='bbox 1266 920 1335 986; x_wconf 87' lang='lat' dir='ltr'>fieri</span> 
     </span>
     <span class='ocr_line' id='line_1_6' title="bbox 200 1023 1334 1108; baseline -0.001 -17"><span class='ocrx_word' id='word_1_29' title='bbox 200 1023 400 1106; x_wconf 85' lang='lat' dir='ltr'>coniecimus,</span> <span class='ocrx_word' id='word_1_30' title='bbox 429 1024 505 1108; x_wconf 90' lang='lat' dir='ltr'>quia</span> <span class='ocrx_word' id='word_1_31' title='bbox 525 1024 558 1089; x_wconf 93' lang='lat' dir='ltr'>in</span> <span class='ocrx_word' id='word_1_32' title='bbox 581 1025 671 1090; x_wconf 91' lang='lat' dir='ltr'>nulla</span> <span class='ocrx_word' id='word_1_33' title='bbox 693 1025 823 1108; x_wconf 91' lang='lat' dir='ltr'>stropha</span> <span class='ocrx_word' id='word_1_34' title='bbox 845 1025 1021 1092; x_wconf 88' lang='lat' dir='ltr'>sententiae</span> <span class='ocrx_word' id='word_1_35' title='bbox 1036 1025 1207 1092; x_wconf 89' lang='lat' dir='ltr'>incisiones</span> <span class='ocrx_word' id='word_1_36' title='bbox 1222 1024 1334 1090; x_wconf 90' lang='lat' dir='ltr'>eodem</span> 
     </span>
     <span class='ocr_line' id='line_1_7' title="bbox 199 1127 1335 1214; baseline 0.001 -21"><span class='ocrx_word' id='word_1_37' title='bbox 199 1129 269 1194; x_wconf 92' lang='lat' dir='ltr'>loco</span> <span class='ocrx_word' id='word_1_38' title='bbox 292 1133 472 1194; x_wconf 81' lang='lat' dir='ltr'>constanter</span> <span class='ocrx_word' id='word_1_39' title='bbox 494 1127 596 1194; x_wconf 86' lang='lat' dir='ltr'>iactas</span> <span class='ocrx_word' id='word_1_40' title='bbox 617 1127 896 1214; x_wconf 78' lang='lat' dir='ltr'>deprehendimus,</span> <span class='ocrx_word' id='word_1_41' title='bbox 927 1150 1011 1214; x_wconf 90' lang='lat' dir='ltr'>quae</span> <span class='ocrx_word' id='word_1_42' title='bbox 1034 1128 1183 1196; x_wconf 84' lang='lat' dir='ltr'>certiores</span> <span class='ocrx_word' id='word_1_43' title='bbox 1205 1147 1263 1194; x_wconf 90' lang='lat' dir='ltr'>nos</span> <span class='ocrx_word' id='word_1_44' title='bbox 1286 1128 1335 1194; x_wconf 86' lang='lat' dir='ltr'>ia-</span> 
     </span>
     <span class='ocr_line' id='line_1_8' title="bbox 200 1231 1331 1318; baseline -0.001 -22"><span class='ocrx_word' id='word_1_45' title='bbox 200 1237 308 1297; x_wconf 90' lang='lat' dir='ltr'>cerent</span> <span class='ocrx_word' id='word_1_46' title='bbox 327 1237 411 1296; x_wconf 92' lang='lat' dir='ltr'>certo</span> <span class='ocrx_word' id='word_1_47' title='bbox 426 1232 495 1297; x_wconf 93' lang='lat' dir='ltr'>loco</span> <span class='ocrx_word' id='word_1_48' title='bbox 511 1231 777 1298; x_wconf 80' lang='lat' dir='ltr'>continuationem</span> <span class='ocrx_word' id='word_1_49' title='bbox 792 1232 1006 1318; x_wconf 87' lang='lat' dir='ltr'>rhythmicam</span> <span class='ocrx_word' id='word_1_50' title='bbox 1021 1232 1231 1317; x_wconf 84' lang='lat' dir='ltr'>interruptam</span> <span class='ocrx_word' id='word_1_51' title='bbox 1247 1251 1331 1296; x_wconf 89' lang='lat' dir='ltr'>esse.</span> 
     </span>
     <span class='ocr_line' id='line_1_9' title="bbox 201 1334 1335 1421; baseline -0.001 -21"><span class='ocrx_word' id='word_1_52' title='bbox 201 1335 337 1400; x_wconf 87' lang='lat' dir='ltr'>Obstare</span> <span class='ocrx_word' id='word_1_53' title='bbox 366 1353 442 1400; x_wconf 89' lang='lat' dir='ltr'>vero</span> <span class='ocrx_word' id='word_1_54' title='bbox 469 1334 619 1400; x_wconf 86' lang='lat' dir='ltr'>videntur</span> <span class='ocrx_word' id='word_1_55' title='bbox 648 1335 877 1402; x_wconf 84' lang='lat' dir='ltr'>continuationi</span> <span class='ocrx_word' id='word_1_56' title='bbox 903 1335 1104 1421; x_wconf 86' lang='lat' dir='ltr'>rhythmicae</span> <span class='ocrx_word' id='word_1_57' title='bbox 1126 1335 1265 1402; x_wconf 88' lang='lat' dir='ltr'>maxime</span> <span class='ocrx_word' id='word_1_58' title='bbox 1287 1335 1335 1400; x_wconf 93' lang='grc'>1111</span> 
     </span>
     <span class='ocr_line' id='line_1_10' title="bbox 200 1437 1337 1524; baseline 0.001 -21"><span class='ocrx_word' id='word_1_59' title='bbox 200 1438 271 1518; x_wconf 88' lang='lat' dir='ltr'>loci,</span> <span class='ocrx_word' id='word_1_60' title='bbox 299 1437 353 1502; x_wconf 93' lang='lat' dir='ltr'>ubi</span> <span class='ocrx_word' id='word_1_61' title='bbox 375 1456 489 1504; x_wconf 87' lang='lat' dir='ltr'>versus</span> <span class='ocrx_word' id='word_1_62' title='bbox 510 1437 645 1520; x_wconf 87' lang='lat' dir='ltr'>incipiat</span> <span class='ocrx_word' id='word_1_63' title='bbox 666 1437 707 1502; x_wconf 90' lang='lat' dir='ltr'>ab</span> <span class='ocrx_word' id='word_1_64' title='bbox 730 1437 805 1521; x_wconf 88' lang='lat' dir='ltr'>arsi,</span> <span class='ocrx_word' id='word_1_65' title='bbox 832 1457 903 1504; x_wconf 91' lang='lat' dir='ltr'>cum</span> <span class='ocrx_word' id='word_1_66' title='bbox 919 1439 1116 1524; x_wconf 87' lang='lat' dir='ltr'>praecedens</span> <span class='ocrx_word' id='word_1_67' title='bbox 1130 1439 1165 1504; x_wconf 94' lang='lat' dir='ltr'>in</span> <span class='ocrx_word' id='word_1_68' title='bbox 1179 1437 1267 1506; x_wconf 91' lang='lat' dir='ltr'>arsin</span> <span class='ocrx_word' id='word_1_69' title='bbox 1282 1457 1337 1505; x_wconf 89' lang='grc'>11-</span> 
     </span>
     <span class='ocr_line' id='line_1_11' title="bbox 199 1539 323 1606; baseline -0.009 0"><span class='ocrx_word' id='word_1_70' title='bbox 199 1539 323 1606; x_wconf 88' lang='lat' dir='ltr'>ciderit.</span> 
     </span>
    </p>
   </div>
   <div class='ocr_carea' id='block_1_5' title="bbox 286 1641 807 1727">
    <p class='ocr_par' dir='ltr' id='par_1_5' title="bbox 286 1641 807 1727">
     <span class='ocr_line' id='line_1_12' title="bbox 286 1641 807 1727; baseline -0.004 -17"><span class='ocrx_word' id='word_1_71' title='bbox 286 1643 487 1723; x_wconf 78' lang='lat' dir='ltr'>Quodfite.</span> <span class='ocrx_word' id='word_1_72' title='bbox 512 1663 545 1727; x_wconf 83' lang='lat' dir='ltr'>g.</span> <span class='ocrx_word' id='word_1_73' title='bbox 571 1641 807 1710; x_wconf 85' lang='lat' dir='ltr'>0V1str.5:</span> 
     </span>
    </p>
   </div>
   <div class='ocr_carea' id='block_1_6' title="bbox 821 1746 1126 1796">
    <p class='ocr_par' dir='ltr' id='par_1_6' title="bbox 821 1746 1126 1796">
     <span class='ocr_line' id='line_1_13' title="bbox 821 1746 1126 1796; baseline 0.004 -2.182"><span class='ocrx_word' id='word_1_74' title='bbox 821 1746 1126 1796; x_wconf 64' lang='grc' dir='ltr'>..νυ-.ωὲ</span> 
     </span>
    </p>
   </div>
   <div class='ocr_carea' id='block_1_7' title="bbox 199 2073 1338 2781">
    <p class='ocr_par' dir='ltr' id='par_1_7' title="bbox 199 2073 1338 2781">
     <span class='ocr_line' id='line_1_14' title="bbox 201 2073 1337 2161; baseline 0.001 -20"><span class='ocrx_word' id='word_1_75' title='bbox 201 2095 275 2141; x_wconf 90' lang='lat' dir='ltr'>nam</span> <span class='ocrx_word' id='word_1_76' title='bbox 306 2073 389 2142; x_wconf 89' lang='lat' dir='ltr'>duae</span> <span class='ocrx_word' id='word_1_77' title='bbox 419 2093 509 2141; x_wconf 89' lang='lat' dir='ltr'>arses</span> <span class='ocrx_word' id='word_1_78' title='bbox 539 2075 585 2141; x_wconf 87' lang='lat' dir='ltr'>ita</span> <span class='ocrx_word' id='word_1_79' title='bbox 613 2080 649 2140; x_wconf 90' lang='lat' dir='ltr'>ut</span> <span class='ocrx_word' id='word_1_80' title='bbox 677 2073 845 2159; x_wconf 91' lang='lat' dir='ltr'>rhythmus</span> <span class='ocrx_word' id='word_1_81' title='bbox 874 2081 1019 2142; x_wconf 87' lang='lat' dir='ltr'>servetur</span> <span class='ocrx_word' id='word_1_82' title='bbox 1045 2093 1080 2142; x_wconf 91' lang='lat' dir='ltr'>se</span> <span class='ocrx_word' id='word_1_83' title='bbox 1103 2075 1252 2161; x_wconf 86' lang='lat' dir='ltr'>excipere</span> <span class='ocrx_word' id='word_1_84' title='bbox 1274 2097 1337 2144; x_wconf 93' lang='lat' dir='ltr'>non</span> 
     </span>
     <span class='ocr_line' id='line_1_15' title="bbox 201 2176 1338 2266; baseline 0.001 -21"><span class='ocrx_word' id='word_1_85' title='bbox 201 2185 344 2266; x_wconf 86' lang='lat' dir='ltr'>possunt,</span> <span class='ocrx_word' id='word_1_86' title='bbox 370 2178 446 2262; x_wconf 87' lang='lat' dir='ltr'>quia</span> <span class='ocrx_word' id='word_1_87' title='bbox 467 2177 636 2264; x_wconf 90' lang='lat' dir='ltr'>rhythmus</span> <span class='ocrx_word' id='word_1_88' title='bbox 658 2177 695 2244; x_wconf 90' lang='lat' dir='ltr'>fit</span> <span class='ocrx_word' id='word_1_89' title='bbox 716 2178 879 2261; x_wconf 89' lang='lat' dir='ltr'>aequabili</span> <span class='ocrx_word' id='word_1_90' title='bbox 902 2176 1122 2245; x_wconf 88' lang='lat' dir='ltr'>vicissitudine</span> <span class='ocrx_word' id='word_1_91' title='bbox 1144 2179 1282 2245; x_wconf 84' lang='lat' dir='ltr'>thesium</span> <span class='ocrx_word' id='word_1_92' title='bbox 1305 2187 1338 2246; x_wconf 93' lang='lat' dir='ltr'>et</span> 
     </span>
     <span class='ocr_line' id='line_1_16' title="bbox 199 2281 1337 2368; baseline 0.001 -20"><span class='ocrx_word' id='word_1_93' title='bbox 199 2283 331 2348; x_wconf 86' lang='lat' dir='ltr'>areium.</span> <span class='ocrx_word' id='word_1_94' title='bbox 370 2281 567 2348; x_wconf 89' lang='lat' dir='ltr'>Dissuadent</span> <span class='ocrx_word' id='word_1_95' title='bbox 588 2289 695 2349; x_wconf 89' lang='lat' dir='ltr'>autem</span> <span class='ocrx_word' id='word_1_96' title='bbox 717 2281 979 2368; x_wconf 83' lang='lat' dir='ltr'>interruptionem</span> <span class='ocrx_word' id='word_1_97' title='bbox 1001 2281 1143 2367; x_wconf 90' lang='lat' dir='ltr'>rhythmi</span> <span class='ocrx_word' id='word_1_98' title='bbox 1157 2283 1226 2349; x_wconf 92' lang='lat' dir='ltr'>loco</span> <span class='ocrx_word' id='word_1_99' title='bbox 1241 2283 1337 2350; x_wconf 89' lang='lat' dir='ltr'>citato</span> 
     </span>
     <span class='ocr_line' id='line_1_17' title="bbox 200 2384 850 2452; baseline -0.006 0"><span class='ocrx_word' id='word_1_100' title='bbox 200 2385 345 2452; x_wconf 89' lang='lat' dir='ltr'>eiusdem</span> <span class='ocrx_word' id='word_1_101' title='bbox 367 2384 517 2451; x_wconf 86' lang='lat' dir='ltr'>carminis</span> <span class='ocrx_word' id='word_1_102' title='bbox 539 2403 651 2451; x_wconf 88' lang='lat' dir='ltr'>versus</span> <span class='ocrx_word' id='word_1_103' title='bbox 674 2387 715 2449; x_wconf 89' lang='grc'>46</span> <span class='ocrx_word' id='word_1_104' title='bbox 738 2391 771 2450; x_wconf 86' lang='grc'>11</span> <span class='ocrx_word' id='word_1_105' title='bbox 793 2389 850 2449; x_wconf 89' lang='lat'>54</span> 
     </span>
     <span class='ocr_line' id='line_1_18' title="bbox 388 2487 837 2574; baseline -0.005 -35.802"><span class='ocrx_word' id='word_1_106' title='bbox 388 2489 475 2538; x_wconf 66' lang='lat' dir='ltr'>Lw</span> <span class='ocrx_word' id='word_1_107' title='bbox 492 2504 614 2538; x_wconf 73' lang='lat' dir='ltr'>...w</span> <span class='ocrx_word' id='word_1_108' title='bbox 629 2487 654 2535; x_wconf 56' lang='lat' dir='ltr'>*A</span> <span class='ocrx_word' id='word_1_109' title='bbox 629 2488 754 2574; x_wconf 76' lang='grc' dir='ltr'>....ΙΙ’</span> <span class='ocrx_word' id='word_1_110' title='bbox 735 2505 837 2536; x_wconf 83' lang='grc' dir='ltr'>-.υ</span> 
     </span>
     <span class='ocr_line' id='line_1_19' title="bbox 233 2537 1191 2678; baseline 0.001 -21.1"><span class='ocrx_word' id='word_1_111' title='bbox 233 2590 491 2678; x_wconf 77' lang='grc' dir='ltr'><strong><em>..ἐθρέψαντο</em></strong></span> <span class='ocrx_word' id='word_1_112' title='bbox 515 2585 737 2678; x_wconf 76' lang='grc' dir='ltr'><strong><em>δράκοντες’</em></strong></span> <span class='ocrx_word' id='word_1_113' title='bbox 719 2603 869 2678; x_wconf 80' lang='grc' dir='ltr'><em>αμεμφεῖ</em></span> <span class='ocrx_word' id='word_1_114' title='bbox 883 2537 904 2677; x_wconf 40' lang='lat' dir='ltr'>ll·</span> <span class='ocrx_word' id='word_1_115' title='bbox 912 2589 952 2676; x_wconf 77' lang='grc' dir='ltr'>ἰῷ</span> <span class='ocrx_word' id='word_1_116' title='bbox 973 2593 1191 2674; x_wconf 74' lang='grc' dir='ltr'><strong><em>μελισσᾶν.</em></strong></span> 
     </span>
     <span class='ocr_line' id='line_1_20' title="bbox 225 2687 1334 2781; baseline -0.001 -20.964"><span class='ocrx_word' id='word_1_117' title='bbox 225 2700 703 2781; x_wconf 70' lang='grc' dir='ltr'><em>..πεμπταιονγεγεναμενον</em></span> <span class='ocrx_word' id='word_1_118' title='bbox 730 2687 1334 2781; x_wconf 60' lang='grc' dir='ltr'>11111111κεκρυπτογαρσχοὶνω..</span> 
     </span>
    </p>
   </div>
   <div class='ocr_carea' id='block_1_8' title="bbox 200 2747 1340 3420">
    <p class='ocr_par' dir='ltr' id='par_1_8' title="bbox 200 2747 1340 3420">
     <span class='ocr_line' id='line_1_21' title="bbox 200 2747 1337 2902; baseline -0.001 -19"><span class='ocrx_word' id='word_1_119' title='bbox 200 2747 312 2902; x_wconf 86' lang='lat' dir='ltr'>ltaque</span> <span class='ocrx_word' id='word_1_120' title='bbox 324 2837 364 2883; x_wconf 91' lang='lat' dir='ltr'>ne</span> <span class='ocrx_word' id='word_1_121' title='bbox 375 2816 611 2883; x_wconf 87' lang='lat' dir='ltr'>inconstantiae</span> <span class='ocrx_word' id='word_1_122' title='bbox 624 2815 744 2882; x_wconf 90' lang='lat' dir='ltr'>crimen</span> <span class='ocrx_word' id='word_1_123' title='bbox 756 2815 985 2884; x_wconf 88' lang='lat' dir='ltr'>committerem</span> <span class='ocrx_word' id='word_1_124' title='bbox 1001 2815 1059 2882; x_wconf 91' lang='lat' dir='ltr'>sed</span> <span class='ocrx_word' id='word_1_125' title='bbox 1075 2821 1110 2881; x_wconf 92' lang='lat' dir='ltr'>ut</span> <span class='ocrx_word' id='word_1_126' title='bbox 1124 2815 1243 2882; x_wconf 89' lang='lat' dir='ltr'>talibus</span> <span class='ocrx_word' id='word_1_127' title='bbox 1258 2838 1337 2901; x_wconf 76' lang='lat' dir='ltr'>quc</span> 
     </span>
     <span class='ocr_line' id='line_1_22' title="bbox 201 2919 1336 3006; baseline -0.002 -18"><span class='ocrx_word' id='word_1_128' title='bbox 201 2943 264 3006; x_wconf 92' lang='lat' dir='ltr'>que</span> <span class='ocrx_word' id='word_1_129' title='bbox 279 2921 358 2988; x_wconf 91' lang='lat' dir='ltr'>locis</span> <span class='ocrx_word' id='word_1_130' title='bbox 373 2919 643 2988; x_wconf 89' lang='lat' dir='ltr'>continuationem</span> <span class='ocrx_word' id='word_1_131' title='bbox 665 2940 868 2987; x_wconf 88' lang='lat' dir='ltr'>numerorum</span> <span class='ocrx_word' id='word_1_132' title='bbox 891 2939 1064 3004; x_wconf 85' lang='lat' dir='ltr'>servarem,</span> <span class='ocrx_word' id='word_1_133' title='bbox 1090 2939 1194 3005; x_wconf 90' lang='lat' dir='ltr'>paene</span> <span class='ocrx_word' id='word_1_134' title='bbox 1215 2919 1336 2986; x_wconf 89' lang='lat' dir='ltr'>invitus</span> 
     </span>
     <span class='ocr_line' id='line_1_23' title="bbox 200 3021 1337 3109; baseline -0.001 -18"><span class='ocrx_word' id='word_1_135' title='bbox 200 3031 232 3091; x_wconf 92' lang='lat' dir='ltr'>et</span> <span class='ocrx_word' id='word_1_136' title='bbox 255 3045 326 3091; x_wconf 90' lang='lat' dir='ltr'>cnm</span> <span class='ocrx_word' id='word_1_137' title='bbox 349 3044 467 3108; x_wconf 85' lang='lat' dir='ltr'>magna</span> <span class='ocrx_word' id='word_1_138' title='bbox 489 3024 689 3091; x_wconf 87' lang='lat' dir='ltr'>cunctatione</span> <span class='ocrx_word' id='word_1_139' title='bbox 712 3045 750 3091; x_wconf 90' lang='lat' dir='ltr'>eo</span> <span class='ocrx_word' id='word_1_140' title='bbox 766 3023 927 3090; x_wconf 90' lang='lat' dir='ltr'>cotidiana</span> <span class='ocrx_word' id='word_1_141' title='bbox 941 3021 1150 3090; x_wconf 88' lang='lat' dir='ltr'>meditatione</span> <span class='ocrx_word' id='word_1_142' title='bbox 1165 3023 1337 3109; x_wconf 86' lang='lat' dir='ltr'>perductus</span> 
     </span>
     <span class='ocr_line' id='line_1_24' title="bbox 202 3125 1338 3212; baseline -0.002 -18"><span class='ocrx_word' id='word_1_143' title='bbox 202 3149 291 3212; x_wconf 89' lang='lat' dir='ltr'>sum,</span> <span class='ocrx_word' id='word_1_144' title='bbox 317 3134 353 3194; x_wconf 92' lang='lat' dir='ltr'>ut</span> <span class='ocrx_word' id='word_1_145' title='bbox 374 3127 551 3194; x_wconf 89' lang='lat' dir='ltr'>conicerem</span> <span class='ocrx_word' id='word_1_146' title='bbox 574 3147 684 3195; x_wconf 87' lang='lat' dir='ltr'>omnes</span> <span class='ocrx_word' id='word_1_147' title='bbox 706 3147 819 3194; x_wconf 87' lang='lat' dir='ltr'>versus</span> <span class='ocrx_word' id='word_1_148' title='bbox 842 3125 954 3193; x_wconf 91' lang='lat' dir='ltr'>harum</span> <span class='ocrx_word' id='word_1_149' title='bbox 977 3127 1197 3212; x_wconf 87' lang='lat' dir='ltr'>stropharum,</span> <span class='ocrx_word' id='word_1_150' title='bbox 1228 3126 1338 3210; x_wconf 90' lang='lat' dir='ltr'>quiin</span> 
     </span>
     <span class='ocr_line' id='line_1_25' title="bbox 202 3227 1339 3316; baseline 0 -19"><span class='ocrx_word' id='word_1_151' title='bbox 202 3231 290 3297; x_wconf 89' lang='lat' dir='ltr'>arsin</span> <span class='ocrx_word' id='word_1_152' title='bbox 312 3231 400 3298; x_wconf 86' lang='lat' dir='ltr'>exire</span> <span class='ocrx_word' id='word_1_153' title='bbox 423 3230 619 3313; x_wconf 89' lang='lat' dir='ltr'>viderentur,</span> <span class='ocrx_word' id='word_1_154' title='bbox 643 3232 691 3298; x_wconf 89' lang='lat' dir='ltr'>ita</span> <span class='ocrx_word' id='word_1_155' title='bbox 708 3227 923 3297; x_wconf 88' lang='lat' dir='ltr'>dimetiendos</span> <span class='ocrx_word' id='word_1_156' title='bbox 938 3249 1022 3313; x_wconf 89' lang='lat' dir='ltr'>esse,</span> <span class='ocrx_word' id='word_1_157' title='bbox 1048 3235 1084 3296; x_wconf 91' lang='lat' dir='ltr'>ut</span> <span class='ocrx_word' id='word_1_158' title='bbox 1098 3229 1226 3316; x_wconf 89' lang='lat' dir='ltr'>syllaba</span> <span class='ocrx_word' id='word_1_159' title='bbox 1240 3231 1339 3315; x_wconf 86' lang='lat' dir='ltr'>longa</span> 
     </span>
     <span class='ocr_line' id='line_1_26' title="bbox 202 3332 1340 3420; baseline -0.001 -19"><span class='ocrx_word' id='word_1_160' title='bbox 202 3333 403 3420; x_wconf 86' lang='lat' dir='ltr'>paenultima</span> <span class='ocrx_word' id='word_1_161' title='bbox 424 3335 526 3400; x_wconf 85' lang='lat' dir='ltr'>vicem</span> <span class='ocrx_word' id='word_1_162' title='bbox 548 3341 674 3417; x_wconf 85' lang='lat' dir='ltr'>gereret</span> <span class='ocrx_word' id='word_1_163' title='bbox 696 3335 791 3401; x_wconf 91' lang='lat' dir='ltr'>unius</span> <span class='ocrx_word' id='word_1_164' title='bbox 813 3332 924 3419; x_wconf 86' lang='lat' dir='ltr'>pedis,</span> <span class='ocrx_word' id='word_1_165' title='bbox 958 3333 1072 3400; x_wconf 91' lang='lat' dir='ltr'>ultima</span> <span class='ocrx_word' id='word_1_166' title='bbox 1101 3339 1208 3400; x_wconf 88' lang='lat' dir='ltr'>antem</span> <span class='ocrx_word' id='word_1_167' title='bbox 1238 3332 1340 3402; x_wconf 89' lang='lat' dir='ltr'>thesis</span> 
     </span>
    </p>
   </div>
   <div class='ocr_carea' id='block_1_9' title="bbox 200 3539 1343 4390">
    <p class='ocr_par' dir='ltr' id='par_1_9' title="bbox 200 3539 1343 4390">
     <span class='ocr_line' id='line_1_27' title="bbox 269 3539 1340 3606; baseline 0 -10"><span class='ocrx_word' id='word_1_168' title='bbox 269 3542 294 3606; x_wconf 72' lang='lat' dir='ltr'>*l</span> <span class='ocrx_word' id='word_1_169' title='bbox 314 3542 391 3596; x_wconf 90' lang='lat' dir='ltr'>lnter</span> <span class='ocrx_word' id='word_1_170' title='bbox 409 3540 525 3596; x_wconf 70' lang='lat' dir='ltr'>Chr-istit</span> <span class='ocrx_word' id='word_1_171' title='bbox 545 3546 638 3596; x_wconf 89' lang='lat' dir='ltr'>autem</span> <span class='ocrx_word' id='word_1_172' title='bbox 657 3541 844 3602; x_wconf 85' lang='lat' dir='ltr'>sententiam,</span> <span class='ocrx_word' id='word_1_173' title='bbox 865 3555 928 3595; x_wconf 91' lang='lat' dir='ltr'>oum</span> <span class='ocrx_word' id='word_1_174' title='bbox 946 3539 1042 3598; x_wconf 87' lang='lat' dir='ltr'>verbis</span> <span class='ocrx_word' id='word_1_175' title='bbox 1061 3546 1156 3596; x_wconf 87' lang='lat' dir='ltr'>utatur</span> <span class='ocrx_word' id='word_1_176' title='bbox 1174 3541 1232 3597; x_wconf 91' lang='lat' dir='ltr'>his:</span> <span class='ocrx_word' id='word_1_177' title='bbox 1258 3557 1340 3596; x_wconf 75' lang='lat' dir='ltr'>oman</span> 
     </span>
     <span class='ocr_line' id='line_1_28' title="bbox 202 3625 1338 3696; baseline -0.003 -16"><span class='ocrx_word' id='word_1_178' title='bbox 202 3628 272 3683; x_wconf 81' lang='lat' dir='ltr'>wind</span> <span class='ocrx_word' id='word_1_179' title='bbox 290 3626 378 3682; x_wconf 89' lang='lat' dir='ltr'>daher</span> <span class='ocrx_word' id='word_1_180' title='bbox 396 3627 541 3682; x_wconf 89' lang='lat' dir='ltr'>cntwodor</span> <span class='ocrx_word' id='word_1_181' title='bbox 559 3629 615 3682; x_wconf 91' lang='lat' dir='ltr'>den</span> <span class='ocrx_word' id='word_1_182' title='bbox 633 3625 820 3696; x_wconf 83' lang='lat' dir='ltr'>angeidhrten</span> <span class='ocrx_word' id='word_1_183' title='bbox 833 3625 904 3682; x_wconf 90' lang='lat' dir='ltr'>Vers</span> <span class='ocrx_word' id='word_1_184' title='bbox 923 3631 996 3683; x_wconf 84' lang='lat' dir='ltr'>trotn</span> <span class='ocrx_word' id='word_1_185' title='bbox 1016 3627 1066 3681; x_wconf 87' lang='lat' dir='ltr'>des</span> <span class='ocrx_word' id='word_1_186' title='bbox 1079 3627 1181 3682; x_wconf 88' lang='lat' dir='ltr'>Hiatus</span> <span class='ocrx_word' id='word_1_187' title='bbox 1194 3627 1222 3680; x_wconf 93' lang='lat' dir='ltr'>in</span> <span class='ocrx_word' id='word_1_188' title='bbox 1235 3644 1281 3682; x_wconf 90' lang='lat' dir='ltr'>vv.</span> <span class='ocrx_word' id='word_1_189' title='bbox 1297 3629 1338 3693; x_wconf 83' lang='lat'>35,</span> 
     </span>
     <span class='ocr_line' id='line_1_29' title="bbox 202 3710 1341 3782; baseline 0.001 -17"><span class='ocrx_word' id='word_1_190' title='bbox 202 3718 244 3780; x_wconf 81' lang='grc'>10,</span> <span class='ocrx_word' id='word_1_191' title='bbox 267 3715 315 3766; x_wconf 88' lang='grc'>110</span> <span class='ocrx_word' id='word_1_192' title='bbox 334 3713 391 3768; x_wconf 91' lang='lat' dir='ltr'>und</span> <span class='ocrx_word' id='word_1_193' title='bbox 410 3719 484 3768; x_wconf 79' lang='lat' dir='ltr'>trote</span> <span class='ocrx_word' id='word_1_194' title='bbox 504 3714 555 3768; x_wconf 89' lang='lat' dir='ltr'>der</span> <span class='ocrx_word' id='word_1_195' title='bbox 572 3710 781 3768; x_wconf 81' lang='lat' dir='ltr'>nweiselhasten</span> <span class='ocrx_word' id='word_1_196' title='bbox 795 3711 881 3782; x_wconf 89' lang='lat' dir='ltr'>Sylbe</span> <span class='ocrx_word' id='word_1_197' title='bbox 900 3713 929 3768; x_wconf 92' lang='lat' dir='ltr'>in</span> <span class='ocrx_word' id='word_1_198' title='bbox 946 3715 1049 3776; x_wconf 78' lang='grc'>1127,</span> <span class='ocrx_word' id='word_1_199' title='bbox 1073 3715 1120 3765; x_wconf 83' lang='lat'>102</span> <span class='ocrx_word' id='word_1_200' title='bbox 1139 3713 1191 3767; x_wconf 89' lang='lat' dir='ltr'>mit</span> <span class='ocrx_word' id='word_1_201' title='bbox 1209 3712 1271 3767; x_wconf 93' lang='lat' dir='ltr'>dem</span> <span class='ocrx_word' id='word_1_202' title='bbox 1289 3710 1341 3766; x_wconf 88' lang='lat' dir='ltr'>fol-</span> 
     </span>
     <span class='ocr_line' id='line_1_30' title="bbox 200 3799 1343 3872; baseline -0.003 -16"><span class='ocrx_word' id='word_1_203' title='bbox 200 3799 801 3872; x_wconf 67' lang='grc'>1111111111111111111111111111111,</span> <span class='ocrx_word' id='word_1_204' title='bbox 828 3805 1008 3870; x_wconf 87' lang='lat' dir='ltr'>nostramque</span> <span class='ocrx_word' id='word_1_205' title='bbox 1030 3800 1060 3854; x_wconf 92' lang='lat' dir='ltr'>id</span> <span class='ocrx_word' id='word_1_206' title='bbox 1085 3799 1236 3854; x_wconf 89' lang='lat' dir='ltr'>discrimen</span> <span class='ocrx_word' id='word_1_207' title='bbox 1258 3799 1343 3853; x_wconf 93' lang='lat' dir='ltr'>inter-</span> 
     </span>
     <span class='ocr_line' id='line_1_31' title="bbox 202 3884 1342 3957; baseline -0.003 -15"><span class='ocrx_word' id='word_1_208' title='bbox 202 3886 287 3954; x_wconf 90' lang='lat' dir='ltr'>cedit,</span> <span class='ocrx_word' id='word_1_209' title='bbox 308 3887 383 3956; x_wconf 81' lang='lat' dir='ltr'>quod</span> <span class='ocrx_word' id='word_1_210' title='bbox 401 3887 450 3941; x_wconf 90' lang='lat' dir='ltr'>ille</span> <span class='ocrx_word' id='word_1_211' title='bbox 470 3886 521 3941; x_wconf 87' lang='lat' dir='ltr'>hac</span> <span class='ocrx_word' id='word_1_212' title='bbox 539 3886 662 3957; x_wconf 86' lang='lat' dir='ltr'>rhythmi</span> <span class='ocrx_word' id='word_1_213' title='bbox 682 3886 893 3942; x_wconf 88' lang='lat' dir='ltr'>continuatione</span> <span class='ocrx_word' id='word_1_214' title='bbox 911 3887 992 3956; x_wconf 86' lang='lat' dir='ltr'>quasi</span> <span class='ocrx_word' id='word_1_215' title='bbox 1005 3899 1088 3940; x_wconf 89' lang='lat' dir='ltr'>unum</span> <span class='ocrx_word' id='word_1_216' title='bbox 1100 3899 1212 3942; x_wconf 87' lang='lat' dir='ltr'>versum</span> <span class='ocrx_word' id='word_1_217' title='bbox 1225 3899 1260 3939; x_wconf 86' lang='lat' dir='ltr'>ex</span> <span class='ocrx_word' id='word_1_218' title='bbox 1272 3884 1342 3940; x_wconf 92' lang='lat' dir='ltr'>duo-</span> 
     </span>
     <span class='ocr_line' id='line_1_32' title="bbox 204 3970 1341 4043; baseline -0.004 -13"><span class='ocrx_word' id='word_1_219' title='bbox 204 3975 257 4030; x_wconf 88' lang='lat' dir='ltr'>bus</span> <span class='ocrx_word' id='word_1_220' title='bbox 277 3977 301 4034; x_wconf 77' lang='grc'>11</span> <span class='ocrx_word' id='word_1_221' title='bbox 321 3975 392 4038; x_wconf 80' lang='grc'>1131</span> <span class='ocrx_word' id='word_1_222' title='bbox 414 3970 490 4026; x_wconf 87' lang='lat' dir='ltr'>esfiei</span> <span class='ocrx_word' id='word_1_223' title='bbox 508 3978 603 4043; x_wconf 89' lang='lat' dir='ltr'>putat,</span> <span class='ocrx_word' id='word_1_224' title='bbox 624 3989 675 4028; x_wconf 92' lang='lat' dir='ltr'>nos</span> <span class='ocrx_word' id='word_1_225' title='bbox 694 3974 780 4029; x_wconf 90' lang='lat' dir='ltr'>talem</span> <span class='ocrx_word' id='word_1_226' title='bbox 799 3974 1038 4028; x_wconf 86' lang='lat' dir='ltr'>continuationem</span> <span class='ocrx_word' id='word_1_227' title='bbox 1056 3971 1180 4042; x_wconf 88' lang='lat' dir='ltr'>rhythmi</span> <span class='ocrx_word' id='word_1_228' title='bbox 1197 3986 1247 4042; x_wconf 89' lang='lat' dir='ltr'>per</span> <span class='ocrx_word' id='word_1_229' title='bbox 1266 3976 1341 4028; x_wconf 83' lang='lat' dir='ltr'>totas</span> 
     </span>
     <span class='ocr_line' id='line_1_33' title="bbox 202 4058 1343 4130; baseline 0 -16"><span class='ocrx_word' id='word_1_230' title='bbox 202 4059 331 4130; x_wconf 89' lang='lat' dir='ltr'>strophas</span> <span class='ocrx_word' id='word_1_231' title='bbox 350 4075 480 4115; x_wconf 89' lang='lat' dir='ltr'>versuum</span> <span class='ocrx_word' id='word_1_232' title='bbox 499 4060 687 4128; x_wconf 90' lang='lat' dir='ltr'>diremptione</span> <span class='ocrx_word' id='word_1_233' title='bbox 705 4077 761 4115; x_wconf 91' lang='lat' dir='ltr'>non</span> <span class='ocrx_word' id='word_1_234' title='bbox 780 4059 893 4114; x_wconf 88' lang='lat' dir='ltr'>sublata</span> <span class='ocrx_word' id='word_1_235' title='bbox 912 4058 1139 4115; x_wconf 87' lang='lat' dir='ltr'>constituendam</span> <span class='ocrx_word' id='word_1_236' title='bbox 1155 4075 1218 4114; x_wconf 88' lang='lat' dir='ltr'>esse</span> <span class='ocrx_word' id='word_1_237' title='bbox 1230 4065 1343 4114; x_wconf 88' lang='lat' dir='ltr'>conten-</span> 
     </span>
     <span class='ocr_line' id='line_1_34' title="bbox 203 4143 1342 4216; baseline -0.001 -16"><span class='ocrx_word' id='word_1_238' title='bbox 203 4147 303 4200; x_wconf 86' lang='lat' dir='ltr'>dimus.</span> <span class='ocrx_word' id='word_1_239' title='bbox 341 4147 500 4201; x_wconf 89' lang='lat' dir='ltr'>identidem</span> <span class='ocrx_word' id='word_1_240' title='bbox 523 4161 667 4201; x_wconf 87' lang='lat' dir='ltr'>monemus</span> <span class='ocrx_word' id='word_1_241' title='bbox 685 4147 771 4203; x_wconf 90' lang='lat' dir='ltr'>ictum</span> <span class='ocrx_word' id='word_1_242' title='bbox 791 4145 885 4210; x_wconf 89' lang='lat' dir='ltr'>illum,</span> <span class='ocrx_word' id='word_1_243' title='bbox 912 4161 967 4216; x_wconf 91' lang='lat' dir='ltr'>quo</span> <span class='ocrx_word' id='word_1_244' title='bbox 986 4143 1126 4202; x_wconf 85' lang='lat' dir='ltr'>Christius</span> <span class='ocrx_word' id='word_1_245' title='bbox 1144 4146 1342 4216; x_wconf 87' lang='lat' dir='ltr'>paenultimam</span> 
     </span>
     <span class='ocr_line' id='line_1_35' title="bbox 203 4231 1343 4303; baseline -0.002 -15"><span class='ocrx_word' id='word_1_246' title='bbox 203 4232 340 4303; x_wconf 88' lang='lat' dir='ltr'>syllabam</span> <span class='ocrx_word' id='word_1_247' title='bbox 358 4248 457 4288; x_wconf 88' lang='lat' dir='ltr'>versus</span> <span class='ocrx_word' id='word_1_248' title='bbox 476 4233 568 4294; x_wconf 88' lang='grc'>111111,</span> <span class='ocrx_word' id='word_1_249' title='bbox 595 4234 680 4288; x_wconf 92' lang='lat' dir='ltr'>nimio</span> <span class='ocrx_word' id='word_1_250' title='bbox 698 4236 726 4288; x_wconf 90' lang='lat' dir='ltr'>ni</span> <span class='ocrx_word' id='word_1_251' title='bbox 746 4231 830 4287; x_wconf 78' lang='lat' dir='ltr'>fallor</span> <span class='ocrx_word' id='word_1_252' title='bbox 848 4233 999 4302; x_wconf 86' lang='lat' dir='ltr'>dipodicao</span> <span class='ocrx_word' id='word_1_253' title='bbox 1017 4247 1163 4288; x_wconf 87' lang='lat' dir='ltr'>mensurae</span> <span class='ocrx_word' id='word_1_254' title='bbox 1182 4249 1276 4288; x_wconf 90' lang='lat' dir='ltr'>amore</span> <span class='ocrx_word' id='word_1_255' title='bbox 1294 4232 1343 4287; x_wconf 90' lang='lat' dir='ltr'>ad-</span> 
     </span>
     <span class='ocr_line' id='line_1_36' title="bbox 202 4319 903 4390; baseline 0.001 -17"><span class='ocrx_word' id='word_1_256' title='bbox 202 4319 311 4384; x_wconf 87' lang='lat' dir='ltr'>ductus,</span> <span class='ocrx_word' id='word_1_257' title='bbox 332 4319 487 4388; x_wconf 80' lang='lat' dir='ltr'>insignivit,</span> <span class='ocrx_word' id='word_1_258' title='bbox 507 4335 525 4373; x_wconf 86' lang='lat' dir='ltr'>a</span> <span class='ocrx_word' id='word_1_259' title='bbox 543 4319 625 4374; x_wconf 87' lang='lat' dir='ltr'>nobis</span> <span class='ocrx_word' id='word_1_260' title='bbox 644 4337 699 4376; x_wconf 94' lang='lat' dir='ltr'>non</span> <span class='ocrx_word' id='word_1_261' title='bbox 717 4319 903 4390; x_wconf 88' lang='lat' dir='ltr'>comprobari.</span> 
     </span>
    </p>
   </div>
   <div class='ocr_carea' id='block_1_10' title="bbox 0 0 1648 4934">
    <p class='ocr_par' dir='ltr' id='par_1_10' title="bbox 0 0 1648 4934">
     <span class='ocr_line' id='line_1_37' title="bbox 0 0 1648 4934; baseline 0 0"><span class='ocrx_word' id='word_1_262' title='bbox 0 0 1648 4934; x_wconf 95' lang='lat' dir='ltr'> </span> 
     </span>
    </p>
   </div>
  </div>
 </body>
</html>
