3258 4924
684 437 873 497 ..8--

520 621 623 706 ἐκάτηι
644 621 714 702 μετ’
735 621 864 700 ιίκοίδας,
886 621 1003 707 ὀγδόιῄι

520 727 603 809 turp
624 725 689 808 μετ’
714 726 846 805 εἰκάδας,
869 726 1022 812 πέμπτη]ι.

314 849 405 912 ΑΙίοο
427 848 503 930 dies,
527 849 581 932 qni
597 849 700 911 minus
718 850 785 932 apti
811 848 883 930 sint,
907 849 1017 915 missos
1033 851 1124 932 faeie,
1147 851 1222 936 quia
1238 873 1348 916 verum
1377 885 1386 901 ·

211 952 295 1016 diem
326 951 482 1017 invenisse
516 973 567 1015 me
601 972 643 1016 ex
675 950 833 1016 Aeschine
866 973 968 1036 spero.
1020 953 1070 1017 Ibi
1103 954 1188 1018 enim
1220 955 1274 1018 HI
1307 957 1347 1020 27

210 1055 343 1139 legitur:
388 1055 439 1118 ἐπὶ
472 1049 529 1136 γοῖρ
560 1051 744 1134 Χαιρώνδου
782 1051 932 1137 ἄρχοντος
973 1057 1188 1138 Θαργηλιῶνος
1225 1056 1349 1147 δευτέρᾳ

212 1159 378 1243 φθίνοντος
400 1159 558 1240 ἐκκλησίας
586 1154 680 1239 οὔσης
707 1153 825 1238 ἔγραψε
850 1157 1058 1244 Δημοσθένης
1086 1157 1199 1244 ἀγορὰν
1229 1165 1349 1245 ποιῆσαι

212 1263 275 1324 ταῖν
305 1267 411 1345 φυλῶν
439 1263 677 1344 Σκιροφοριῶνος
707 1259 831 1348 διυτέρρ
861 1259 1025 1342 ἱσταμένου
1056 1265 1105 1327 καὶ
1138 1265 1233 1352 τρίτῃ.
1286 1265 1349 1330 Ηὶο

212 1363 323 1428 titulus
354 1363 395 1428 ad
427 1364 563 1429 eundem
597 1383 738 1428 mensem
769 1363 910 1429 eiusdem
940 1367 1014 1428 enni
1046 1373 1183 1451 spectet3
1221 1363 1348 1450 δευτέρα

212 1467 377 1551 φθίνοντος
399 1474 447 1532 est
469 1467 536 1532 dies
558 1465 695 1549 XXIX,
724 1468 751 1532 si
773 1469 873 1532 mensi
904 1475 995 1532 erant
1019 1471 1060 1532 30
1083 1467 1159 1534 dies.
1204 1469 1350 1555 Adparet

212 1570 310 1654 igitur
331 1570 391 1634 hoo
413 1570 575 1636 decretum
597 1571 710 1635 eodem
731 1570 783 1635 die
813 1571 934 1635 foetum
964 1593 1048 1654 esse,
1080 1594 1141 1658 quo
1163 1571 1350 1638 Demosthe·

213 1694 287 1738 nem
318 1673 397 1738 illud
428 1695 556 1758 rogasse
588 1673 763 1739 Aeschines
793 1682 934 1756 narrat,
950 1676 972 1739 i.
996 1697 1023 1740 e.
1047 1675 1267 1760 Thargelionis
1299 1677 1350 1741 die

212 1775 340 1840 XXIX.
385 1776 494 1842 Unum
525 1778 635 1862 quaeri
666 1784 787 1863 potest,
820 1785 928 1842 utrum
960 1779 1119 1844 exstiterit
1152 1777 1254 1863 ἑνάτηι
1284 1777 1352 1860 μετ’

213 1877 334 1956 εἰκάδας
368 1902 409 1944 an
442 1877 579 1962 διυτὲραι
610 1879 794 1963 φθίνοντοςς
829 1901 904 1944 nam
932 1882 1029 1946 semel
1066 1888 1190 1970 tuntum
1223 1883 1255 1947 in
1285 1889 1351 1948 toto

214 1983 290 2048 CIA
305 1983 357 2048 IIr
383 1983 448 2068 legi
470 1985 654 2068 φθίνοιτοςε
685 2005 716 2049 n.
743 1986 803 2050 180
832 1983 919 2065 (vide
951 1985 1022 2048 adn.
1052 1985 1093 2049 ad
1123 1987 1169 2049 tit.
1199 2008 1230 2050 n.
1260 1983 1350 2069 230).

213 2085 389 2172 Propterea
411 2088 509 2152 etiam
529 2089 562 2152 in
592 2087 652 2152 hoo
680 2088 788 2169 titulo,
820 2088 873 2171 qui
902 2089 1043 2152 omnium
1072 2089 1191 2173 primus
1221 2089 1352 2154 exhibet

214 2193 409 2256 notationem
442 2192 575 2273 mensis,
614 2191 698 2255 idem
732 2193 890 2256 exstitisse
922 2197 1035 2276 potest.
1086 2191 1211 2256 Pendet
1244 2198 1352 2256 autern

214 2293 405 2358 iudieiume
436 2294 634 2358 restitutione
663 2292 725 2358 diei
755 2295 931 2379 prytaniee.
977 2293 1011 2359 Si
1039 2295 1186 2359 scribitur
1215 2291 1351 2376 διυτέραι

214 2397 382 2482 φθίνοντος
401 2395 456 2476 (17
470 2395 556 2478 litt),
578 2397 800 2481 relinquuntur
815 2397 878 2460 diei
893 2397 1059 2481 prytaniae
1075 2399 1094 2460 5
1110 2398 1246 2478 litterae,
1269 2397 1353 2481 quod

215 2499 351 2584 spatium
375 2499 441 2562 solo
463 2498 612 2584 expletur
633 2499 787 2563 vocabulo
811 2498 900 2579 ἕκτοι.
937 2499 1044 2584 Atque
1060 2521 1132 2563 eum
1148 2499 1214 2564 dies
1235 2498 1353 2562 XXIX

215 2601 446 2686 Thargelionis,
469 2603 496 2666 si
516 2605 535 2666 5
559 2623 682 2667 menses
705 2609 795 2668 erant
818 2605 897 2686 eavi,
921 2605 940 2666 5
963 2603 1065 2685 solidi,
1088 2605 1129 2668 sit
1145 2605 1237 2667 324u
1258 2603 1353 2666 totius

215 2705 307 2786 enni,
329 2704 588 2789 praeeedentium
615 2707 834 2791 prytaniarum
863 2727 920 2770 sex
955 2705 1083 2790 quidem
1110 2705 1289 2770 habuerant
1312 2707 1353 2768 35

216 2807 299 2888 dies,
329 2815 393 2872 tres
423 2811 463 2872 36
494 2807 548 2890 [35
566 2859 573 2873 .
590 2811 609 2872 6
626 2809 687 2890 (=
704 2809 780 2890 210)
798 2817 836 2883 ΑΓ
855 2813 895 2873 36
913 2859 920 2874 .
937 2813 956 2874 3
972 2809 1028 2890 (--
1048 2809 1122 2888 108)
1138 2837 1180 2860 =
1197 2811 1259 2872 318
1278 2813 1314 2882 l*
1334 2809 1353 2869 6

216 2939 258 2963 =
275 2909 362 2992 324}
393 2910 469 2995 Ipse
491 2911 606 2976 deinde
628 2912 776 2996 prytanis
792 2911 915 2976 decimo
930 2911 1049 2976 habere
1065 2911 1202 2976 debebat
1218 2914 1259 2975 36
1276 2912 1353 2974 dies.

216 3012 335 3087 Quodsi
358 3014 522 3078 seribimus
544 3010 651 3096 ἐνάτηι
676 3011 739 3094 μα’
764 3012 886 3091 εἰκάδος
910 3015 966 3096 (16
989 3013 1075 3096 litt),
1099 3015 1247 3098 spatium,
1270 3012 1353 3098 quod

216 3115 405 3200 relinquitur
427 3115 490 3180 diei
509 3118 685 3202 prytaniee,
709 3117 890 3181 continebat
906 3120 925 3181 6
941 3118 1073 3198 litteras,
1096 3117 1237 3201 suppleri
1251 3122 1355 3200 potest

217 3217 321 3302 ὀγδόηι
344 3219 396 3283 vel
419 3217 531 3304 ἐνάτηι.
577 3221 611 3285 Si
632 3219 740 3303 ὀγδόηι
751 3221 937 3306 suppletur,
960 3241 1024 3283 una
1046 3221 1193 3305 prytanis
1215 3217 1354 3282 habebat

218 3326 259 3388 36
289 3323 372 3407 dies,
403 3331 472 3389 oeto
503 3328 562 3406 353
595 3325 718 3389 deeima
746 3325 815 3410 ipsa
845 3327 886 3388 38
916 3324 999 3407 dies3
1033 3326 1059 3388 si
1090 3323 1212 3407 ιἰδτηι,
1246 3345 1354 3388 omnes

216 3431 336 3514 priores
365 3429 532 3515 pryteniae
561 3431 604 3495 35
626 3429 709 3510 dies,
738 3427 860 3493 decima
883 3431 934 3494 39.
979 3429 1083 3514 Magis
1111 3429 1209 3512 igitur
1239 3429 1354 3492 inolino

217 3533 249 3596 in
272 3533 528 3617 supplementum
551 3529 689 3614 δευτέρω
712 3531 910 3615 φθίνοντος.1

722 3789 754 3832 n.
782 3769 850 3831 123.

321 3931 476 4017 Prytanis
508 3932 568 3996 luit
598 3939 708 4014 sextu,
740 3931 814 4015 quia
843 3928 931 4012 ἕκτης
959 3929 1060 3992 solum
1089 3927 1199 4011 spatiis
1228 3926 1354 3991 suffieit.

219 4035 332 4100 Annus
354 4035 395 4099 ol.
421 4037 513 4116 110,4
537 4063 578 4086 =
602 4035 700 4112 ealle
732 4033 793 4096 fuit
822 4033 996 4096 eommunis
1027 4029 1242 4112 (v.n.125);
1272 4051 1355 4094 anno

219 4144 327 4202 autem
357 4138 516 4202 communi
547 4137 694 4220 prytanio
731 4141 823 4200 sexta
855 4132 1096 4197 administrabat
1132 4131 1199 4195 fere
1231 4131 1304 4196 inde
1335 4153 1355 4195 a

322 4361 332 4399 ¹
353 4361 447 4413 Annus
466 4361 501 4414 ol.
522 4357 600 4425 1103
614 4377 647 4403 =
664 4356 744 4425 33317
763 4357 816 4413 luit
834 4357 999 4424 eommunis,
1019 4371 1044 4408 ι.
1063 4355 1119 4410 tsb·
1137 4369 1280 4408 annorum.
