<?xml version="1.0" encoding="UTF-8"?>
<!DOCTYPE html PUBLIC "-//W3C//DTD XHTML 1.0 Transitional//EN"
    "http://www.w3.org/TR/xhtml1/DTD/xhtml1-transitional.dtd">
<html xmlns="http://www.w3.org/1999/xhtml" xml:lang="en" lang="en">
 <head>
  <title>
</title>
<meta http-equiv="Content-Type" content="text/html;charset=utf-8" />
  <meta name='ocr-system' content='tesseract 3.04.00' />
  <meta name='ocr-capabilities' content='ocr_page ocr_carea ocr_par ocr_line ocrx_word'/>
</head>
<body>
  <div class='ocr_page' id='page_1' title='image "./dissertationesp02stragoog_0370.png"; bbox 0 0 3276 4932; ppageno 0'>
   <div class='ocr_carea' id='block_1_1' title="bbox 640 389 1328 472">
    <p class='ocr_par' dir='ltr' id='par_1_1' title="bbox 640 389 1328 472">
     <span class='ocr_line' id='line_1_1' title="bbox 640 389 1328 472; baseline 0.003 -20"><span class='ocrx_word' id='word_1_1' title='bbox 640 425 682 433; x_wconf 94' lang='lat'><em>-</em></span> <span class='ocrx_word' id='word_1_2' title='bbox 730 389 793 472; x_wconf 70' lang='lat' dir='ltr'><strong>[aa]</strong></span> <span class='ocrx_word' id='word_1_3' title='bbox 841 427 882 436; x_wconf 84' lang='lat'><em>-</em></span> <span class='ocrx_word' id='word_1_4' title='bbox 1308 395 1328 454; x_wconf 82' lang='lat' dir='ltr'><strong>a</strong></span> 
     </span>
    </p>
   </div>
   <div class='ocr_carea' id='block_1_2' title="bbox 105 574 1334 4081">
    <p class='ocr_par' dir='ltr' id='par_1_2' title="bbox 105 574 1334 4081">
     <span class='ocr_line' id='line_1_2' title="bbox 191 574 1326 662; baseline 0.004 -21"><span class='ocrx_word' id='word_1_5' title='bbox 191 574 292 641; x_wconf 92' lang='lat' dir='ltr'><strong>oculis</strong></span> <span class='ocrx_word' id='word_1_6' title='bbox 308 575 415 640; x_wconf 86' lang='lat' dir='ltr'><strong>statim</strong></span> <span class='ocrx_word' id='word_1_7' title='bbox 439 575 645 660; x_wconf 73' lang='lat' dir='ltr'><strong>percipiatur,</strong></span> <span class='ocrx_word' id='word_1_8' title='bbox 670 578 822 661; x_wconf 86' lang='lat' dir='ltr'><strong>quidnam</strong></span> <span class='ocrx_word' id='word_1_9' title='bbox 839 599 913 644; x_wconf 89' lang='lat' dir='ltr'><strong>mea</strong></span> <span class='ocrx_word' id='word_1_10' title='bbox 928 577 1055 644; x_wconf 88' lang='lat' dir='ltr'><strong>collatio</strong></span> <span class='ocrx_word' id='word_1_11' title='bbox 1076 579 1149 644; x_wconf 86' lang='lat' dir='ltr'><strong>novi</strong></span> <span class='ocrx_word' id='word_1_12' title='bbox 1173 579 1326 662; x_wconf 90' lang='lat' dir='ltr'><strong>attulerit,</strong></span> 
     </span>
     <span class='ocr_line' id='line_1_3' title="bbox 192 679 1329 769; baseline 0.004 -25"><span class='ocrx_word' id='word_1_13' title='bbox 192 679 339 744; x_wconf 91' lang='lat' dir='ltr'><strong>omnibus</strong></span> <span class='ocrx_word' id='word_1_14' title='bbox 360 679 401 745; x_wconf 91' lang='lat' dir='ltr'><strong>iis</strong></span> <span class='ocrx_word' id='word_1_15' title='bbox 423 679 625 762; x_wconf 87' lang='lat' dir='ltr'><strong>lectionibus,</strong></span> <span class='ocrx_word' id='word_1_16' title='bbox 652 701 733 764; x_wconf 87' lang='lat' dir='ltr'><strong>quas</strong></span> <span class='ocrx_word' id='word_1_17' title='bbox 755 682 819 747; x_wconf 88' lang='lat' dir='ltr'><strong>iam</strong></span> <span class='ocrx_word' id='word_1_18' title='bbox 836 681 994 748; x_wconf 86' lang='lat' dir='ltr'><strong>Victorius</strong></span> <span class='ocrx_word' id='word_1_19' title='bbox 1017 689 1102 748; x_wconf 89' lang='lat' dir='ltr'><strong>recte</strong></span> <span class='ocrx_word' id='word_1_20' title='bbox 1124 682 1157 747; x_wconf 91' lang='lat' dir='ltr'><strong>iu</strong></span> <span class='ocrx_word' id='word_1_21' title='bbox 1180 685 1329 769; x_wconf 87' lang='lat' dir='ltr'><strong>exemplo</strong></span> 
     </span>
     <span class='ocr_line' id='line_1_4' title="bbox 192 782 1330 869; baseline 0.005 -22"><span class='ocrx_word' id='word_1_22' title='bbox 192 782 376 848; x_wconf 88' lang='lat' dir='ltr'><strong>Monacensi</strong></span> <span class='ocrx_word' id='word_1_23' title='bbox 399 790 595 865; x_wconf 87' lang='lat' dir='ltr'><strong>enotaverat,</strong></span> <span class='ocrx_word' id='word_1_24' title='bbox 621 785 761 850; x_wconf 79' lang='lat' dir='ltr'><strong>litteram</strong></span> <span class='ocrx_word' id='word_1_25' title='bbox 784 789 818 848; x_wconf 88' lang='lat' dir='ltr'><em>V</em></span> <span class='ocrx_word' id='word_1_26' title='bbox 834 784 958 868; x_wconf 88' lang='lat' dir='ltr'><strong>addidi,</strong></span> <span class='ocrx_word' id='word_1_27' title='bbox 984 803 1040 850; x_wconf 87' lang='lat' dir='ltr'><strong>eas</strong></span> <span class='ocrx_word' id='word_1_28' title='bbox 1060 792 1178 866; x_wconf 88' lang='lat' dir='ltr'><strong>autem,</strong></span> <span class='ocrx_word' id='word_1_29' title='bbox 1206 807 1330 869; x_wconf 81' lang='lat' dir='ltr'>quasa</span> 
     </span>
     <span class='ocr_line' id='line_1_5' title="bbox 192 886 1324 974; baseline 0.004 -23"><span class='ocrx_word' id='word_1_30' title='bbox 192 886 330 952; x_wconf 87' lang='lat' dir='ltr'><strong>Victorio</strong></span> <span class='ocrx_word' id='word_1_31' title='bbox 352 887 494 971; x_wconf 88' lang='lat' dir='ltr'><strong>prolatas</strong></span> <span class='ocrx_word' id='word_1_32' title='bbox 516 887 550 952; x_wconf 94' lang='lat' dir='ltr'><strong>in</strong></span> <span class='ocrx_word' id='word_1_33' title='bbox 572 888 642 973; x_wconf 89' lang='lat' dir='ltr'><strong>ipso</strong></span> <span class='ocrx_word' id='word_1_34' title='bbox 664 887 775 954; x_wconf 88' lang='lat' dir='ltr'><strong>codice</strong></span> <span class='ocrx_word' id='word_1_35' title='bbox 798 909 861 954; x_wconf 93' lang='lat' dir='ltr'><strong>non</strong></span> <span class='ocrx_word' id='word_1_36' title='bbox 883 889 1041 973; x_wconf 81' lang='lat' dir='ltr'><strong>reperias,</strong></span> <span class='ocrx_word' id='word_1_37' title='bbox 1074 888 1124 954; x_wconf 88' lang='lat' dir='ltr'><strong>his</strong></span> <span class='ocrx_word' id='word_1_38' title='bbox 1147 890 1272 956; x_wconf 90' lang='lat' dir='ltr'><strong>uncinis</strong></span> <span class='ocrx_word' id='word_1_39' title='bbox 1299 891 1324 974; x_wconf 76' lang='lat' dir='ltr'><strong>(l</strong></span> 
     </span>
     <span class='ocr_line' id='line_1_6' title="bbox 191 989 1327 1075; baseline 0.004 -21"><span class='ocrx_word' id='word_1_40' title='bbox 191 989 334 1056; x_wconf 89' lang='lat' dir='ltr'><strong>inclusas</strong></span> <span class='ocrx_word' id='word_1_41' title='bbox 364 990 533 1074; x_wconf 80' lang='lat' dir='ltr'><strong>adscripsi.</strong></span> <span class='ocrx_word' id='word_1_42' title='bbox 581 991 688 1057; x_wconf 90' lang='lat' dir='ltr'><strong>Veluti</strong></span> <span class='ocrx_word' id='word_1_43' title='bbox 717 991 759 1056; x_wconf 89' lang='lat' dir='ltr'><strong>ad</strong></span> <span class='ocrx_word' id='word_1_44' title='bbox 789 993 921 1058; x_wconf 88' lang='lat' dir='ltr'><strong>verbum</strong></span> <span class='ocrx_word' id='word_1_45' title='bbox 951 991 1037 1075; x_wconf 92' lang='lat' dir='ltr'><strong>quod</strong></span> <span class='ocrx_word' id='word_1_46' title='bbox 1066 999 1171 1058; x_wconf 80' lang='lat' dir='ltr'><strong>exstat</strong></span> <span class='ocrx_word' id='word_1_47' title='bbox 1192 993 1227 1058; x_wconf 94' lang='lat' dir='ltr'><strong>in</strong></span> <span class='ocrx_word' id='word_1_48' title='bbox 1249 993 1327 1059; x_wconf 89' lang='lat' dir='ltr'><strong>edit.</strong></span> 
     </span>
     <span class='ocr_line' id='line_1_7' title="bbox 193 1095 1325 1180; baseline 0.002 -22"><span class='ocrx_word' id='word_1_49' title='bbox 193 1095 313 1178; x_wconf 88' lang='lat' dir='ltr'><strong>Speng.</strong></span> <span class='ocrx_word' id='word_1_50' title='bbox 339 1115 370 1179; x_wconf 90' lang='lat' dir='ltr'><strong>p.</strong></span> <span class='ocrx_word' id='word_1_51' title='bbox 390 1097 427 1157; x_wconf 82' lang='lat'><strong>21</strong></span> <span class='ocrx_word' id='word_1_52' title='bbox 455 1114 539 1159; x_wconf 88' lang='lat' dir='ltr'><strong>vers.</strong></span> <span class='ocrx_word' id='word_1_53' title='bbox 559 1099 577 1158; x_wconf 88' lang='grc'>3</span> <span class='ocrx_word' id='word_1_54' title='bbox 601 1115 797 1177; x_wconf 75' lang='lat' dir='ltr'><strong>»quaerere«</strong></span> <span class='ocrx_word' id='word_1_55' title='bbox 820 1095 980 1180; x_wconf 78' lang='lat' dir='ltr'><strong>adscripsi</strong></span> <span class='ocrx_word' id='word_1_56' title='bbox 1003 1116 1122 1178; x_wconf 79' lang='lat' dir='ltr'><strong>aquare</strong></span> <span class='ocrx_word' id='word_1_57' title='bbox 1146 1100 1184 1160; x_wconf 71' lang='lat' dir='ltr'><strong>Vc</strong></span> <span class='ocrx_word' id='word_1_58' title='bbox 1208 1096 1325 1162; x_wconf 89' lang='lat' dir='ltr'><strong>idest:</strong></span> 
     </span>
     <span class='ocr_line' id='line_1_8' title="bbox 192 1197 1329 1285; baseline 0.004 -23"><span class='ocrx_word' id='word_1_59' title='bbox 192 1197 257 1263; x_wconf 93' lang='lat' dir='ltr'><strong>iam</strong></span> <span class='ocrx_word' id='word_1_60' title='bbox 280 1197 420 1282; x_wconf 83' lang='lat' dir='ltr'><strong>Spengel</strong></span> <span class='ocrx_word' id='word_1_61' title='bbox 452 1205 581 1264; x_wconf 89' lang='lat' dir='ltr'><strong>auctore</strong></span> <span class='ocrx_word' id='word_1_62' title='bbox 604 1198 742 1264; x_wconf 91' lang='lat' dir='ltr'><strong>Victorio</strong></span> <span class='ocrx_word' id='word_1_63' title='bbox 765 1207 851 1265; x_wconf 89' lang='lat' dir='ltr'><strong>recte</strong></span> <span class='ocrx_word' id='word_1_64' title='bbox 873 1200 1011 1282; x_wconf 89' lang='lat' dir='ltr'><strong>rettulit,</strong></span> <span class='ocrx_word' id='word_1_65' title='bbox 1044 1221 1100 1285; x_wconf 93' lang='lat' dir='ltr'><strong>pro</strong></span> <span class='ocrx_word' id='word_1_66' title='bbox 1122 1201 1178 1266; x_wconf 92' lang='lat' dir='ltr'><strong>illo</strong></span> <span class='ocrx_word' id='word_1_67' title='bbox 1207 1221 1329 1284; x_wconf 86' lang='lat' dir='ltr'><strong>»quae-</strong></span> 
     </span>
     <span class='ocr_line' id='line_1_9' title="bbox 193 1301 1329 1389; baseline 0.001 -23"><span class='ocrx_word' id='word_1_68' title='bbox 193 1322 282 1368; x_wconf 78' lang='lat' dir='ltr'><strong>rerer</strong></span> <span class='ocrx_word' id='word_1_69' title='bbox 298 1301 440 1367; x_wconf 87' lang='lat' dir='ltr'><strong>codicem</strong></span> <span class='ocrx_word' id='word_1_70' title='bbox 457 1303 619 1368; x_wconf 86' lang='lat' dir='ltr'><strong>Fhabere</strong></span> <span class='ocrx_word' id='word_1_71' title='bbox 634 1323 783 1386; x_wconf 73' lang='lat' dir='ltr'><strong>»quare«.</strong></span> <span class='ocrx_word' id='word_1_72' title='bbox 817 1303 935 1370; x_wconf 79' lang='lat' dir='ltr'><strong>Contra</strong></span> <span class='ocrx_word' id='word_1_73' title='bbox 949 1303 1036 1386; x_wconf 89' lang='lat' dir='ltr'><strong>qaod</strong></span> <span class='ocrx_word' id='word_1_74' title='bbox 1050 1305 1165 1389; x_wconf 87' lang='lat' dir='ltr'><strong>scripsi</strong></span> <span class='ocrx_word' id='word_1_75' title='bbox 1183 1306 1226 1370; x_wconf 90' lang='lat' dir='ltr'><strong>ad</strong></span> <span class='ocrx_word' id='word_1_76' title='bbox 1245 1307 1294 1386; x_wconf 77' lang='lat'><strong>13,</strong></span> <span class='ocrx_word' id='word_1_77' title='bbox 1313 1317 1329 1367; x_wconf 86' lang='lat'>9</span> 
     </span>
     <span class='ocr_line' id='line_1_10' title="bbox 344 1403 1186 1492; baseline -0.001 -22"><span class='ocrx_word' id='word_1_78' title='bbox 344 1403 594 1491; x_wconf 68' lang='lat' dir='ltr'><strong>›ricopoloyloal</strong></span> <span class='ocrx_word' id='word_1_79' title='bbox 621 1406 849 1490; x_wconf 70' lang='lat' dir='ltr'><strong>ethimologiam</strong></span> <span class='ocrx_word' id='word_1_80' title='bbox 876 1407 1101 1492; x_wconf 82' lang='lat' dir='ltr'><strong>(etymologica</strong></span> <span class='ocrx_word' id='word_1_81' title='bbox 1125 1411 1186 1491; x_wconf 78' lang='lat' dir='ltr'><strong>VJ«</strong></span> 
     </span>
     <span class='ocr_line' id='line_1_11' title="bbox 191 1509 1328 1596; baseline 0.004 -22"><span class='ocrx_word' id='word_1_82' title='bbox 191 1509 224 1574; x_wconf 93' lang='lat' dir='ltr'><strong>id</strong></span> <span class='ocrx_word' id='word_1_83' title='bbox 240 1509 402 1594; x_wconf 86' lang='lat' dir='ltr'><strong>significat</strong></span> <span class='ocrx_word' id='word_1_84' title='bbox 417 1509 591 1576; x_wconf 83' lang='lat' dir='ltr'><strong>Victoriam</strong></span> <span class='ocrx_word' id='word_1_85' title='bbox 614 1531 655 1576; x_wconf 81' lang='lat' dir='ltr'><strong>ex</strong></span> <span class='ocrx_word' id='word_1_86' title='bbox 670 1510 780 1577; x_wconf 88' lang='lat' dir='ltr'><strong>codice</strong></span> <span class='ocrx_word' id='word_1_87' title='bbox 797 1517 945 1577; x_wconf 86' lang='lat' dir='ltr'><strong>enatasse</strong></span> <span class='ocrx_word' id='word_1_88' title='bbox 967 1513 1231 1596; x_wconf 79' lang='lat' dir='ltr'><strong>»etymologiam«,</strong></span> <span class='ocrx_word' id='word_1_89' title='bbox 1257 1533 1328 1579; x_wconf 92' lang='lat' dir='ltr'><strong>cum</strong></span> 
     </span>
     <span class='ocr_line' id='line_1_12' title="bbox 191 1613 1330 1700; baseline 0.004 -22"><span class='ocrx_word' id='word_1_90' title='bbox 191 1633 226 1679; x_wconf 92' lang='lat' dir='ltr'><strong>re</strong></span> <span class='ocrx_word' id='word_1_91' title='bbox 249 1634 325 1680; x_wconf 87' lang='lat' dir='ltr'><strong>vera</strong></span> <span class='ocrx_word' id='word_1_92' title='bbox 352 1613 396 1680; x_wconf 87' lang='lat' dir='ltr'><strong>ibi</strong></span> <span class='ocrx_word' id='word_1_93' title='bbox 427 1613 579 1700; x_wconf 89' lang='lat' dir='ltr'><strong>scriptum</strong></span> <span class='ocrx_word' id='word_1_94' title='bbox 603 1614 646 1680; x_wconf 90' lang='lat' dir='ltr'><strong>sit</strong></span> <span class='ocrx_word' id='word_1_95' title='bbox 676 1614 956 1698; x_wconf 72' lang='lat' dir='ltr'><strong>aethimologiam.</strong></span> <span class='ocrx_word' id='word_1_96' title='bbox 1004 1615 1176 1682; x_wconf 87' lang='lat' dir='ltr'><strong>Praeterea</strong></span> <span class='ocrx_word' id='word_1_97' title='bbox 1202 1617 1330 1700; x_wconf 86' lang='lat' dir='ltr'><strong>siquid</strong></span> 
     </span>
     <span class='ocr_line' id='line_1_13' title="bbox 191 1717 1330 1804; baseline 0.002 -20"><span class='ocrx_word' id='word_1_98' title='bbox 191 1719 224 1784; x_wconf 93' lang='lat' dir='ltr'><strong>in</strong></span> <span class='ocrx_word' id='word_1_99' title='bbox 247 1717 358 1784; x_wconf 89' lang='lat' dir='ltr'><strong>codice</strong></span> <span class='ocrx_word' id='word_1_100' title='bbox 381 1719 447 1802; x_wconf 85' lang='lat' dir='ltr'><strong>legi</strong></span> <span class='ocrx_word' id='word_1_101' title='bbox 470 1739 509 1784; x_wconf 83' lang='lat' dir='ltr'><strong>ex</strong></span> <span class='ocrx_word' id='word_1_102' title='bbox 533 1717 663 1784; x_wconf 88' lang='lat' dir='ltr'><strong>Victorii</strong></span> <span class='ocrx_word' id='word_1_103' title='bbox 693 1718 821 1784; x_wconf 88' lang='lat' dir='ltr'><strong>silentio</strong></span> <span class='ocrx_word' id='word_1_104' title='bbox 850 1718 1025 1786; x_wconf 88' lang='lat' dir='ltr'><strong>concludas</strong></span> <span class='ocrx_word' id='word_1_105' title='bbox 1054 1726 1223 1804; x_wconf 87' lang='lat' dir='ltr'><strong>propterca</strong></span> <span class='ocrx_word' id='word_1_106' title='bbox 1244 1721 1330 1804; x_wconf 90' lang='lat' dir='ltr'><strong>quod</strong></span> 
     </span>
     <span class='ocr_line' id='line_1_14' title="bbox 192 1821 1330 1907; baseline 0.003 -20"><span class='ocrx_word' id='word_1_107' title='bbox 192 1822 245 1887; x_wconf 90' lang='lat' dir='ltr'><strong>hie</strong></span> <span class='ocrx_word' id='word_1_108' title='bbox 267 1821 415 1888; x_wconf 78' lang='lat' dir='ltr'><strong>editionis</strong></span> <span class='ocrx_word' id='word_1_109' title='bbox 444 1821 598 1907; x_wconf 87' lang='lat' dir='ltr'><strong>principis</strong></span> <span class='ocrx_word' id='word_1_110' title='bbox 621 1822 810 1907; x_wconf 87' lang='lat' dir='ltr'><strong>scripturam</strong></span> <span class='ocrx_word' id='word_1_111' title='bbox 833 1841 895 1888; x_wconf 92' lang='lat' dir='ltr'><strong>uon</strong></span> <span class='ocrx_word' id='word_1_112' title='bbox 922 1823 1107 1904; x_wconf 84' lang='lat' dir='ltr'><strong>mutaverit,</strong></span> <span class='ocrx_word' id='word_1_113' title='bbox 1139 1823 1174 1888; x_wconf 91' lang='lat' dir='ltr'><strong>id</strong></span> <span class='ocrx_word' id='word_1_114' title='bbox 1196 1822 1247 1888; x_wconf 92' lang='lat' dir='ltr'><strong>his</strong></span> <span class='ocrx_word' id='word_1_115' title='bbox 1269 1846 1330 1890; x_wconf 92' lang='lat' dir='ltr'><strong>an-</strong></span> 
     </span>
     <span class='ocr_line' id='line_1_15' title="bbox 163 1925 1328 2012; baseline 0.001 -20"><span class='ocrx_word' id='word_1_116' title='bbox 163 1931 168 1940; x_wconf 90' lang='lat'>&#39;</span> <span class='ocrx_word' id='word_1_117' title='bbox 192 1925 273 1992; x_wconf 85' lang='lat' dir='ltr'><strong>cinis</strong></span> <span class='ocrx_word' id='word_1_118' title='bbox 300 1929 330 2008; x_wconf 74' lang='lat' dir='ltr'><strong>l]</strong></span> <span class='ocrx_word' id='word_1_119' title='bbox 357 1925 537 2008; x_wconf 84' lang='lat' dir='ltr'><strong>significavi</strong></span> <span class='ocrx_word' id='word_1_120' title='bbox 559 1926 615 2006; x_wconf 87' lang='lat' dir='ltr'><strong>ita,</strong></span> <span class='ocrx_word' id='word_1_121' title='bbox 642 1925 726 1992; x_wconf 89' lang='lat' dir='ltr'><strong>atsi</strong></span> <span class='ocrx_word' id='word_1_122' title='bbox 750 1925 945 1992; x_wconf 87' lang='lat' dir='ltr'><strong>consentiret</strong></span> <span class='ocrx_word' id='word_1_123' title='bbox 962 1926 1038 1992; x_wconf 89' lang='lat' dir='ltr'><strong>edit.</strong></span> <span class='ocrx_word' id='word_1_124' title='bbox 1058 1926 1158 2012; x_wconf 83' lang='lat' dir='ltr'><strong>prino.</strong></span> <span class='ocrx_word' id='word_1_125' title='bbox 1177 1947 1248 1992; x_wconf 92' lang='lat' dir='ltr'><strong>oum</strong></span> <span class='ocrx_word' id='word_1_126' title='bbox 1271 1947 1328 1993; x_wconf 90' lang='lat' dir='ltr'><strong>co-</strong></span> 
     </span>
     <span class='ocr_line' id='line_1_16' title="bbox 192 2027 1329 2116; baseline 0.001 -21"><span class='ocrx_word' id='word_1_127' title='bbox 192 2028 273 2110; x_wconf 88' lang='lat' dir='ltr'><strong>dice,</strong></span> <span class='ocrx_word' id='word_1_128' title='bbox 293 2029 432 2094; x_wconf 87' lang='lat' dir='ltr'><strong>litteram</strong></span> <span class='ocrx_word' id='word_1_129' title='bbox 452 2032 530 2112; x_wconf 82' lang='lat' dir='ltr'><strong>[V],</strong></span> <span class='ocrx_word' id='word_1_130' title='bbox 550 2029 578 2094; x_wconf 92' lang='lat' dir='ltr'><strong>si</strong></span> <span class='ocrx_word' id='word_1_131' title='bbox 597 2027 802 2114; x_wconf 87' lang='lat' dir='ltr'><strong>discreparet,</strong></span> <span class='ocrx_word' id='word_1_132' title='bbox 822 2029 926 2114; x_wconf 88' lang='lat' dir='ltr'><strong>ipsam</strong></span> <span class='ocrx_word' id='word_1_133' title='bbox 943 2029 1092 2096; x_wconf 88' lang='lat' dir='ltr'><strong>editionis</strong></span> <span class='ocrx_word' id='word_1_134' title='bbox 1107 2029 1207 2115; x_wconf 87' lang='lat' dir='ltr'><strong>prino.</strong></span> <span class='ocrx_word' id='word_1_135' title='bbox 1229 2031 1329 2116; x_wconf 89' lang='lat' dir='ltr'><strong>scrip-</strong></span> 
     </span>
     <span class='ocr_line' id='line_1_17' title="bbox 191 2132 1326 2219; baseline -0.002 -21"><span class='ocrx_word' id='word_1_136' title='bbox 191 2139 294 2198; x_wconf 89' lang='lat' dir='ltr'><strong>turam</strong></span> <span class='ocrx_word' id='word_1_137' title='bbox 324 2132 436 2198; x_wconf 88' lang='lat' dir='ltr'><strong>addita</strong></span> <span class='ocrx_word' id='word_1_138' title='bbox 467 2137 499 2195; x_wconf 88' lang='lat' dir='ltr'><em>V</em></span> <span class='ocrx_word' id='word_1_139' title='bbox 528 2133 634 2198; x_wconf 89' lang='lat' dir='ltr'><strong>littera</strong></span> <span class='ocrx_word' id='word_1_140' title='bbox 666 2132 732 2198; x_wconf 92' lang='lat' dir='ltr'><strong>illis</strong></span> <span class='ocrx_word' id='word_1_141' title='bbox 766 2133 889 2199; x_wconf 92' lang='lat' dir='ltr'><strong>uncinis</strong></span> <span class='ocrx_word' id='word_1_142' title='bbox 919 2140 1064 2219; x_wconf 82' lang='lat' dir='ltr'><strong>saeptam</strong></span> <span class='ocrx_word' id='word_1_143' title='bbox 1098 2133 1326 2200; x_wconf 87' lang='lat' dir='ltr'><strong>adscriberem.</strong></span> 
     </span>
     <span class='ocr_line' id='line_1_18' title="bbox 191 2235 1329 2322; baseline 0.002 -22"><span class='ocrx_word' id='word_1_144' title='bbox 191 2236 298 2302; x_wconf 88' lang='lat' dir='ltr'><strong>Veluti</strong></span> <span class='ocrx_word' id='word_1_145' title='bbox 314 2236 399 2318; x_wconf 91' lang='lat' dir='ltr'><strong>qaod</strong></span> <span class='ocrx_word' id='word_1_146' title='bbox 411 2235 511 2302; x_wconf 89' lang='lat' dir='ltr'><strong>habes</strong></span> <span class='ocrx_word' id='word_1_147' title='bbox 531 2239 579 2316; x_wconf 80' lang='lat'><strong>12,</strong></span> <span class='ocrx_word' id='word_1_148' title='bbox 598 2247 613 2296; x_wconf 78' lang='lat' dir='ltr'><strong>l</strong></span> <span class='ocrx_word' id='word_1_149' title='bbox 629 2238 733 2319; x_wconf 73' lang='lat' dir='ltr'><strong>asam]</strong></span> <span class='ocrx_word' id='word_1_150' title='bbox 753 2257 792 2302; x_wconf 90' lang='lat' dir='ltr'><strong>ea</strong></span> <span class='ocrx_word' id='word_1_151' title='bbox 812 2237 876 2321; x_wconf 88' lang='lat' dir='ltr'><strong>[V]</strong></span> <span class='ocrx_word' id='word_1_152' title='bbox 886 2263 909 2318; x_wconf 81' lang='lat' dir='ltr'><strong>u,</strong></span> <span class='ocrx_word' id='word_1_153' title='bbox 929 2237 964 2302; x_wconf 91' lang='lat' dir='ltr'><strong>id</strong></span> <span class='ocrx_word' id='word_1_154' title='bbox 979 2237 1140 2321; x_wconf 83' lang='lat' dir='ltr'><strong>significat</strong></span> <span class='ocrx_word' id='word_1_155' title='bbox 1153 2257 1210 2321; x_wconf 93' lang='lat' dir='ltr'><strong>pro</strong></span> <span class='ocrx_word' id='word_1_156' title='bbox 1225 2237 1329 2322; x_wconf 89' lang='lat' dir='ltr'><strong>Spen-</strong></span> 
     </span>
     <span class='ocr_line' id='line_1_19' title="bbox 190 2339 1329 2424; baseline 0 -19"><span class='ocrx_word' id='word_1_157' title='bbox 190 2340 319 2424; x_wconf 85' lang='lat' dir='ltr'><strong>geliano</strong></span> <span class='ocrx_word' id='word_1_158' title='bbox 343 2359 453 2406; x_wconf 79' lang='lat' dir='ltr'><strong>»eam«</strong></span> <span class='ocrx_word' id='word_1_159' title='bbox 476 2339 641 2406; x_wconf 89' lang='lat' dir='ltr'><strong>incodioe</strong></span> <span class='ocrx_word' id='word_1_160' title='bbox 664 2359 736 2406; x_wconf 88' lang='lat' dir='ltr'><strong>esse</strong></span> <span class='ocrx_word' id='word_1_161' title='bbox 759 2361 850 2422; x_wconf 81' lang='lat' dir='ltr'><strong>»ea«,</strong></span> <span class='ocrx_word' id='word_1_162' title='bbox 876 2340 960 2406; x_wconf 90' lang='lat' dir='ltr'><strong>idem</strong></span> <span class='ocrx_word' id='word_1_163' title='bbox 985 2346 1093 2406; x_wconf 90' lang='lat' dir='ltr'><strong>autem</strong></span> <span class='ocrx_word' id='word_1_164' title='bbox 1116 2361 1186 2407; x_wconf 89' lang='lat' dir='ltr'><strong>cum</strong></span> <span class='ocrx_word' id='word_1_165' title='bbox 1209 2341 1273 2406; x_wconf 89' lang='lat' dir='ltr'><strong>iam</strong></span> <span class='ocrx_word' id='word_1_166' title='bbox 1296 2341 1329 2406; x_wconf 93' lang='lat' dir='ltr'><strong>in</strong></span> 
     </span>
     <span class='ocr_line' id='line_1_20' title="bbox 191 2442 1329 2528; baseline 0 -20"><span class='ocrx_word' id='word_1_167' title='bbox 191 2442 268 2508; x_wconf 91' lang='lat' dir='ltr'><strong>edit.</strong></span> <span class='ocrx_word' id='word_1_168' title='bbox 294 2443 394 2528; x_wconf 87' lang='lat' dir='ltr'><strong>princ.</strong></span> <span class='ocrx_word' id='word_1_169' title='bbox 422 2443 592 2526; x_wconf 88' lang='lat' dir='ltr'><strong>legeretur,</strong></span> <span class='ocrx_word' id='word_1_170' title='bbox 617 2442 791 2508; x_wconf 85' lang='lat' dir='ltr'><strong>Victoriam</strong></span> <span class='ocrx_word' id='word_1_171' title='bbox 814 2463 877 2510; x_wconf 93' lang='lat' dir='ltr'><strong>non</strong></span> <span class='ocrx_word' id='word_1_172' title='bbox 899 2450 1052 2510; x_wconf 88' lang='lat' dir='ltr'><strong>mutasse.</strong></span> <span class='ocrx_word' id='word_1_173' title='bbox 1093 2443 1211 2509; x_wconf 86' lang='lat' dir='ltr'><strong>Contra</strong></span> <span class='ocrx_word' id='word_1_174' title='bbox 1233 2463 1329 2509; x_wconf 91' lang='lat' dir='ltr'><strong>voea-</strong></span> 
     </span>
     <span class='ocr_line' id='line_1_21' title="bbox 192 2545 1328 2632; baseline 0 -20"><span class='ocrx_word' id='word_1_175' title='bbox 192 2548 301 2612; x_wconf 90' lang='lat' dir='ltr'><strong>bulum</strong></span> <span class='ocrx_word' id='word_1_176' title='bbox 318 2546 525 2626; x_wconf 73' lang='lat' dir='ltr'><strong>»communi«,</strong></span> <span class='ocrx_word' id='word_1_177' title='bbox 552 2545 637 2629; x_wconf 92' lang='lat' dir='ltr'><strong>quod</strong></span> <span class='ocrx_word' id='word_1_178' title='bbox 656 2546 774 2630; x_wconf 66' lang='lat' dir='ltr'><strong>leg&#39;tar</strong></span> <span class='ocrx_word' id='word_1_179' title='bbox 792 2551 840 2629; x_wconf 86' lang='lat'><strong>16,</strong></span> <span class='ocrx_word' id='word_1_180' title='bbox 861 2559 887 2628; x_wconf 84' lang='lat'><strong>8,</strong></span> <span class='ocrx_word' id='word_1_181' title='bbox 913 2547 946 2612; x_wconf 91' lang='lat' dir='ltr'><strong>in</strong></span> <span class='ocrx_word' id='word_1_182' title='bbox 961 2547 1038 2612; x_wconf 91' lang='lat' dir='ltr'><strong>edit.</strong></span> <span class='ocrx_word' id='word_1_183' title='bbox 1057 2548 1157 2632; x_wconf 91' lang='lat' dir='ltr'><strong>princ.</strong></span> <span class='ocrx_word' id='word_1_184' title='bbox 1176 2547 1328 2612; x_wconf 88' lang='lat' dir='ltr'><strong>omissum</strong></span> 
     </span>
     <span class='ocr_line' id='line_1_22' title="bbox 191 2649 1329 2734; baseline 0 -18"><span class='ocrx_word' id='word_1_185' title='bbox 191 2658 257 2732; x_wconf 90' lang='lat' dir='ltr'><strong>est,</strong></span> <span class='ocrx_word' id='word_1_186' title='bbox 292 2671 353 2716; x_wconf 87' lang='lat' dir='ltr'><strong>nee</strong></span> <span class='ocrx_word' id='word_1_187' title='bbox 375 2650 532 2716; x_wconf 86' lang='lat' dir='ltr'><strong>Victorias</strong></span> <span class='ocrx_word' id='word_1_188' title='bbox 556 2650 723 2734; x_wconf 84' lang='lat' dir='ltr'><strong>quiequam</strong></span> <span class='ocrx_word' id='word_1_189' title='bbox 747 2651 885 2732; x_wconf 86' lang='lat' dir='ltr'><strong>notavit,</strong></span> <span class='ocrx_word' id='word_1_190' title='bbox 912 2657 948 2716; x_wconf 89' lang='lat' dir='ltr'><strong>ut</strong></span> <span class='ocrx_word' id='word_1_191' title='bbox 970 2671 1041 2716; x_wconf 89' lang='lat' dir='ltr'><strong>eam</strong></span> <span class='ocrx_word' id='word_1_192' title='bbox 1064 2649 1238 2734; x_wconf 87' lang='lat' dir='ltr'><strong>Spengelio</strong></span> <span class='ocrx_word' id='word_1_193' title='bbox 1260 2670 1329 2716; x_wconf 88' lang='lat' dir='ltr'><strong>cre-</strong></span> 
     </span>
     <span class='ocr_line' id='line_1_23' title="bbox 169 2752 1328 2820; baseline -0.001 -1"><span class='ocrx_word' id='word_1_194' title='bbox 169 2754 285 2819; x_wconf 84' lang='lat' dir='ltr'><strong>deres</strong></span> <span class='ocrx_word' id='word_1_195' title='bbox 307 2753 388 2818; x_wconf 91' lang='lat' dir='ltr'><strong>illud</strong></span> <span class='ocrx_word' id='word_1_196' title='bbox 411 2753 508 2819; x_wconf 89' lang='lat' dir='ltr'><strong>etiarn</strong></span> <span class='ocrx_word' id='word_1_197' title='bbox 532 2753 565 2818; x_wconf 91' lang='lat' dir='ltr'><strong>in</strong></span> <span class='ocrx_word' id='word_1_198' title='bbox 588 2752 698 2820; x_wconf 90' lang='lat' dir='ltr'><strong>codiee</strong></span> <span class='ocrx_word' id='word_1_199' title='bbox 715 2753 867 2819; x_wconf 91' lang='lat' dir='ltr'><strong>omissum</strong></span> <span class='ocrx_word' id='word_1_200' title='bbox 883 2771 967 2818; x_wconf 91' lang='lat' dir='ltr'><strong>esse.</strong></span> <span class='ocrx_word' id='word_1_201' title='bbox 1007 2755 1157 2820; x_wconf 85' lang='lat' dir='ltr'><strong>Attamen</strong></span> <span class='ocrx_word' id='word_1_202' title='bbox 1179 2752 1262 2818; x_wconf 91' lang='lat' dir='ltr'><strong>illud</strong></span> <span class='ocrx_word' id='word_1_203' title='bbox 1283 2753 1328 2818; x_wconf 95' lang='lat' dir='ltr'><strong>ibi</strong></span> 
     </span>
     <span class='ocr_line' id='line_1_24' title="bbox 191 2857 1326 2942; baseline 0 -21"><span class='ocrx_word' id='word_1_204' title='bbox 191 2857 319 2940; x_wconf 84' lang='lat' dir='ltr'><strong>legitur,</strong></span> <span class='ocrx_word' id='word_1_205' title='bbox 353 2857 416 2922; x_wconf 89' lang='lat' dir='ltr'><strong>nisi</strong></span> <span class='ocrx_word' id='word_1_206' title='bbox 437 2857 538 2939; x_wconf 87' lang='lat' dir='ltr'><strong>qaod,</strong></span> <span class='ocrx_word' id='word_1_207' title='bbox 572 2857 655 2922; x_wconf 90' lang='lat' dir='ltr'><strong>sicat</strong></span> <span class='ocrx_word' id='word_1_208' title='bbox 677 2877 785 2942; x_wconf 87' lang='lat' dir='ltr'><strong>saepe,</strong></span> <span class='ocrx_word' id='word_1_209' title='bbox 820 2877 884 2922; x_wconf 89' lang='lat' dir='ltr'><strong>uua</strong></span> <span class='ocrx_word' id='word_1_210' title='bbox 906 2879 936 2920; x_wconf 86' lang='lat' dir='ltr'><strong>m</strong></span> <span class='ocrx_word' id='word_1_211' title='bbox 959 2857 1069 2922; x_wconf 91' lang='lat' dir='ltr'><strong>littera</strong></span> <span class='ocrx_word' id='word_1_212' title='bbox 1091 2857 1243 2942; x_wconf 90' lang='lat' dir='ltr'><strong>scriptum</strong></span> <span class='ocrx_word' id='word_1_213' title='bbox 1266 2865 1326 2923; x_wconf 92' lang='lat' dir='ltr'><strong>est.</strong></span> 
     </span>
     <span class='ocr_line' id='line_1_25' title="bbox 190 2960 1324 3045; baseline 0.001 -20"><span class='ocrx_word' id='word_1_214' title='bbox 190 2961 229 3026; x_wconf 92' lang='lat' dir='ltr'><strong>Id</strong></span> <span class='ocrx_word' id='word_1_215' title='bbox 251 2983 328 3045; x_wconf 89' lang='lat' dir='ltr'><strong>ergo</strong></span> <span class='ocrx_word' id='word_1_216' title='bbox 351 2960 529 3044; x_wconf 88' lang='lat' dir='ltr'><strong>significavi</strong></span> <span class='ocrx_word' id='word_1_217' title='bbox 559 2961 620 3026; x_wconf 89' lang='lat' dir='ltr'><strong>hoo</strong></span> <span class='ocrx_word' id='word_1_218' title='bbox 645 2960 740 3026; x_wconf 91' lang='lat' dir='ltr'><strong>modo</strong></span> <span class='ocrx_word' id='word_1_219' title='bbox 770 2961 1069 3044; x_wconf 66' lang='lat' dir='ltr'><strong>”¹⁶280011111111ssil</strong></span> <span class='ocrx_word' id='word_1_220' title='bbox 1103 2961 1229 3026; x_wconf 87' lang='lat' dir='ltr'><strong>comuni</strong></span> <span class='ocrx_word' id='word_1_221' title='bbox 1254 2962 1324 3044; x_wconf 88' lang='lat' dir='ltr'><strong>[om.</strong></span> 
     </span>
     <span class='ocr_line' id='line_1_26' title="bbox 199 3063 1334 3149; baseline -0.001 -21"><span class='ocrx_word' id='word_1_222' title='bbox 199 3066 279 3148; x_wconf 77' lang='lat' dir='ltr'><strong>Vl«.</strong></span> <span class='ocrx_word' id='word_1_223' title='bbox 326 3063 480 3129; x_wconf 86' lang='lat' dir='ltr'><strong>Similiter</strong></span> <span class='ocrx_word' id='word_1_224' title='bbox 509 3069 598 3146; x_wconf 81' lang='lat' dir='ltr'><strong>3tt,5</strong></span> <span class='ocrx_word' id='word_1_225' title='bbox 629 3063 684 3130; x_wconf 91' lang='lat' dir='ltr'><strong>ubi</strong></span> <span class='ocrx_word' id='word_1_226' title='bbox 714 3083 774 3146; x_wconf 85' lang='lat' dir='ltr'><strong>ego</strong></span> <span class='ocrx_word' id='word_1_227' title='bbox 804 3063 955 3130; x_wconf 86' lang='lat' dir='ltr'><strong>adnotavi</strong></span> <span class='ocrx_word' id='word_1_228' title='bbox 985 3064 1060 3148; x_wconf 77' lang='lat' dir='ltr'><strong>aqui</strong></span> <span class='ocrx_word' id='word_1_229' title='bbox 1091 3066 1198 3149; x_wconf 87' lang='lat' dir='ltr'><strong>prope]</strong></span> <span class='ocrx_word' id='word_1_230' title='bbox 1231 3065 1334 3128; x_wconf 62' lang='lat' dir='ltr'><strong>aar</strong></span> 
     </span>
     <span class='ocr_line' id='line_1_27' title="bbox 105 3166 1329 3252; baseline 0.001 -20"><span class='ocrx_word' id='word_1_231' title='bbox 105 3179 108 3186; x_wconf 89' lang='grc'><strong><em>’</em></strong></span> <span class='ocrx_word' id='word_1_232' title='bbox 194 3167 322 3252; x_wconf 79' lang='lat' dir='ltr'><strong>[quippe</strong></span> <span class='ocrx_word' id='word_1_233' title='bbox 348 3171 416 3252; x_wconf 77' lang='lat' dir='ltr'><strong>Vl«</strong></span> <span class='ocrx_word' id='word_1_234' title='bbox 446 3167 548 3233; x_wconf 71' lang='lat' dir='ltr'><strong>coclea</strong></span> <span class='ocrx_word' id='word_1_235' title='bbox 570 3167 699 3251; x_wconf 88' lang='lat' dir='ltr'><strong>quidem</strong></span> <span class='ocrx_word' id='word_1_236' title='bbox 723 3175 807 3234; x_wconf 83' lang='lat' dir='ltr'><strong>recte</strong></span> <span class='ocrx_word' id='word_1_237' title='bbox 836 3169 969 3252; x_wconf 89' lang='lat' dir='ltr'><strong>praebet</strong></span> <span class='ocrx_word' id='word_1_238' title='bbox 997 3167 1071 3250; x_wconf 87' lang='lat' dir='ltr'><strong>»qui</strong></span> <span class='ocrx_word' id='word_1_239' title='bbox 1093 3188 1221 3252; x_wconf 84' lang='lat' dir='ltr'><strong>prope«,</strong></span> <span class='ocrx_word' id='word_1_240' title='bbox 1254 3166 1329 3233; x_wconf 88' lang='lat' dir='ltr'><strong>Vie-</strong></span> 
     </span>
     <span class='ocr_line' id='line_1_28' title="bbox 189 3270 1328 3356; baseline -0.002 -19"><span class='ocrx_word' id='word_1_241' title='bbox 189 3271 289 3338; x_wconf 89' lang='lat' dir='ltr'><strong>torius</strong></span> <span class='ocrx_word' id='word_1_242' title='bbox 316 3279 423 3337; x_wconf 91' lang='lat' dir='ltr'><strong>autern</strong></span> <span class='ocrx_word' id='word_1_243' title='bbox 452 3271 485 3336; x_wconf 88' lang='lat' dir='ltr'><strong>id</strong></span> <span class='ocrx_word' id='word_1_244' title='bbox 514 3270 599 3354; x_wconf 88' lang='lat' dir='ltr'><strong>quod</strong></span> <span class='ocrx_word' id='word_1_245' title='bbox 629 3272 663 3336; x_wconf 90' lang='lat' dir='ltr'><strong>iu</strong></span> <span class='ocrx_word' id='word_1_246' title='bbox 692 3271 770 3338; x_wconf 92' lang='lat' dir='ltr'><strong>edit.</strong></span> <span class='ocrx_word' id='word_1_247' title='bbox 802 3271 904 3356; x_wconf 89' lang='lat' dir='ltr'><strong>prino.</strong></span> <span class='ocrx_word' id='word_1_248' title='bbox 937 3278 1044 3337; x_wconf 83' lang='lat' dir='ltr'><strong>exstat</strong></span> <span class='ocrx_word' id='word_1_249' title='bbox 1073 3271 1235 3356; x_wconf 70' lang='lat' dir='ltr'><strong>»quippe«</strong></span> <span class='ocrx_word' id='word_1_250' title='bbox 1264 3291 1328 3336; x_wconf 91' lang='lat' dir='ltr'><strong>nou</strong></span> 
     </span>
     <span class='ocr_line' id='line_1_29' title="bbox 190 3373 1329 3459; baseline 0 -20"><span class='ocrx_word' id='word_1_251' title='bbox 190 3375 326 3440; x_wconf 88' lang='lat' dir='ltr'><strong>mutavit</strong></span> <span class='ocrx_word' id='word_1_252' title='bbox 350 3375 457 3458; x_wconf 90' lang='lat' dir='ltr'><strong>itaque</strong></span> <span class='ocrx_word' id='word_1_253' title='bbox 480 3375 622 3459; x_wconf 81' lang='lat' dir='ltr'><strong>Spengel</strong></span> <span class='ocrx_word' id='word_1_254' title='bbox 652 3375 767 3440; x_wconf 89' lang='lat' dir='ltr'><strong>bonam</strong></span> <span class='ocrx_word' id='word_1_255' title='bbox 791 3373 880 3438; x_wconf 92' lang='lat' dir='ltr'><strong>illam</strong></span> <span class='ocrx_word' id='word_1_256' title='bbox 909 3374 1078 3440; x_wconf 92' lang='lat' dir='ltr'><strong>lectionem</strong></span> <span class='ocrx_word' id='word_1_257' title='bbox 1102 3394 1164 3438; x_wconf 93' lang='lat' dir='ltr'><strong>non</strong></span> <span class='ocrx_word' id='word_1_258' title='bbox 1187 3373 1249 3438; x_wconf 91' lang='lat' dir='ltr'><strong>nisi</strong></span> <span class='ocrx_word' id='word_1_259' title='bbox 1271 3373 1329 3439; x_wconf 89' lang='lat' dir='ltr'><strong>de-</strong></span> 
     </span>
     <span class='ocr_line' id='line_1_30' title="bbox 190 3477 1328 3562; baseline -0.002 -18"><span class='ocrx_word' id='word_1_260' title='bbox 190 3478 359 3544; x_wconf 86' lang='lat' dir='ltr'><strong>terioribus</strong></span> <span class='ocrx_word' id='word_1_261' title='bbox 382 3479 544 3544; x_wconf 90' lang='lat' dir='ltr'><strong>codicibus</strong></span> <span class='ocrx_word' id='word_1_262' title='bbox 567 3477 673 3543; x_wconf 84' lang='lat' dir='ltr'><strong>fnlciri</strong></span> <span class='ocrx_word' id='word_1_263' title='bbox 688 3478 839 3562; x_wconf 88' lang='lat' dir='ltr'><strong>opinatus</strong></span> <span class='ocrx_word' id='word_1_264' title='bbox 861 3484 919 3544; x_wconf 89' lang='lat' dir='ltr'><strong>est.</strong></span> <span class='ocrx_word' id='word_1_265' title='bbox 961 3478 1208 3560; x_wconf 87' lang='lat' dir='ltr'><strong>Nonnumquam</strong></span> <span class='ocrx_word' id='word_1_266' title='bbox 1231 3477 1328 3543; x_wconf 92' lang='lat' dir='ltr'><strong>etiam</strong></span> 
     </span>
     <span class='ocr_line' id='line_1_31' title="bbox 190 3581 1328 3669; baseline -0.001 -20"><span class='ocrx_word' id='word_1_267' title='bbox 190 3583 333 3669; x_wconf 86' lang='lat' dir='ltr'><strong>Spengel</strong></span> <span class='ocrx_word' id='word_1_268' title='bbox 356 3583 445 3668; x_wconf 89' lang='lat' dir='ltr'><strong>ipsas</strong></span> <span class='ocrx_word' id='word_1_269' title='bbox 460 3583 591 3650; x_wconf 88' lang='lat' dir='ltr'><strong>Victorii</strong></span> <span class='ocrx_word' id='word_1_270' title='bbox 613 3583 768 3649; x_wconf 88' lang='lat' dir='ltr'><strong>lectiones</strong></span> <span class='ocrx_word' id='word_1_271' title='bbox 791 3582 824 3648; x_wconf 94' lang='lat' dir='ltr'><strong>in</strong></span> <span class='ocrx_word' id='word_1_272' title='bbox 840 3582 1012 3650; x_wconf 86' lang='lat' dir='ltr'><strong>editionem</strong></span> <span class='ocrx_word' id='word_1_273' title='bbox 1032 3602 1122 3648; x_wconf 89' lang='lat' dir='ltr'><strong>suam</strong></span> <span class='ocrx_word' id='word_1_274' title='bbox 1146 3581 1251 3648; x_wconf 91' lang='lat' dir='ltr'><strong>minus</strong></span> <span class='ocrx_word' id='word_1_275' title='bbox 1273 3603 1328 3648; x_wconf 88' lang='lat' dir='ltr'><strong>ac-</strong></span> 
     </span>
     <span class='ocr_line' id='line_1_32' title="bbox 191 3684 1329 3768; baseline -0.003 -15"><span class='ocrx_word' id='word_1_276' title='bbox 191 3695 298 3753; x_wconf 89' lang='lat' dir='ltr'><strong>curate</strong></span> <span class='ocrx_word' id='word_1_277' title='bbox 320 3687 499 3768; x_wconf 87' lang='lat' dir='ltr'><strong>transtulit,</strong></span> <span class='ocrx_word' id='word_1_278' title='bbox 533 3685 711 3752; x_wconf 87' lang='lat' dir='ltr'><strong>cuiusmodi</strong></span> <span class='ocrx_word' id='word_1_279' title='bbox 734 3687 820 3752; x_wconf 90' lang='lat' dir='ltr'><strong>locos</strong></span> <span class='ocrx_word' id='word_1_280' title='bbox 841 3685 996 3752; x_wconf 71' lang='lat' dir='ltr'><strong>munseo</strong></span> <span class='ocrx_word' id='word_1_281' title='bbox 1018 3689 1053 3750; x_wconf 88' lang='lat' dir='ltr'><em>V</em></span> <span class='ocrx_word' id='word_1_282' title='bbox 1070 3685 1197 3751; x_wconf 90' lang='lat' dir='ltr'><strong>litterae</strong></span> <span class='ocrx_word' id='word_1_283' title='bbox 1219 3684 1329 3750; x_wconf 89' lang='lat' dir='ltr'><strong>addito</strong></span> 
     </span>
     <span class='ocr_line' id='line_1_33' title="bbox 189 3788 1327 3875; baseline -0.007 -19"><span class='ocrx_word' id='word_1_284' title='bbox 189 3790 327 3875; x_wconf 85' lang='lat' dir='ltr'><strong>signavi.</strong></span> <span class='ocrx_word' id='word_1_285' title='bbox 375 3791 483 3856; x_wconf 89' lang='lat' dir='ltr'><strong>Veluti</strong></span> <span class='ocrx_word' id='word_1_286' title='bbox 505 3790 540 3856; x_wconf 90' lang='lat' dir='ltr'><strong>id</strong></span> <span class='ocrx_word' id='word_1_287' title='bbox 562 3788 647 3872; x_wconf 89' lang='lat' dir='ltr'><strong>quod</strong></span> <span class='ocrx_word' id='word_1_288' title='bbox 669 3789 821 3856; x_wconf 89' lang='lat' dir='ltr'><strong>adnotavi</strong></span> <span class='ocrx_word' id='word_1_289' title='bbox 855 3789 898 3855; x_wconf 90' lang='lat' dir='ltr'><strong>ad</strong></span> <span class='ocrx_word' id='word_1_290' title='bbox 921 3792 994 3872; x_wconf 80' lang='lat'><strong>259,</strong></span> <span class='ocrx_word' id='word_1_291' title='bbox 1014 3802 1029 3850; x_wconf 82' lang='lat' dir='ltr'><strong>a</strong></span> <span class='ocrx_word' id='word_1_292' title='bbox 1052 3791 1144 3873; x_wconf 78' lang='lat' dir='ltr'><strong>aquo]</strong></span> <span class='ocrx_word' id='word_1_293' title='bbox 1178 3788 1233 3872; x_wconf 91' lang='lat' dir='ltr'><strong>qai</strong></span> <span class='ocrx_word' id='word_1_294' title='bbox 1256 3791 1327 3854; x_wconf 83' lang='lat' dir='ltr'><strong>V*«</strong></span> 
     </span>
     <span class='ocr_line' id='line_1_34' title="bbox 191 3892 1328 3978; baseline -0.003 -17"><span class='ocrx_word' id='word_1_295' title='bbox 191 3893 352 3978; x_wconf 86' lang='lat' dir='ltr'><strong>significat</strong></span> <span class='ocrx_word' id='word_1_296' title='bbox 374 3894 489 3959; x_wconf 87' lang='lat' dir='ltr'><strong>bonam</strong></span> <span class='ocrx_word' id='word_1_297' title='bbox 513 3893 680 3960; x_wconf 87' lang='lat' dir='ltr'><strong>lectionem</strong></span> <span class='ocrx_word' id='word_1_298' title='bbox 697 3894 759 3978; x_wconf 72' lang='lat' dir='ltr'><strong>qui,</strong></span> <span class='ocrx_word' id='word_1_299' title='bbox 785 3914 882 3976; x_wconf 89' lang='lat' dir='ltr'><strong>quam</strong></span> <span class='ocrx_word' id='word_1_300' title='bbox 906 3893 1047 3978; x_wconf 89' lang='lat' dir='ltr'><strong>Spengel</strong></span> <span class='ocrx_word' id='word_1_301' title='bbox 1071 3913 1112 3958; x_wconf 83' lang='lat' dir='ltr'><strong>ex</strong></span> <span class='ocrx_word' id='word_1_302' title='bbox 1134 3914 1197 3959; x_wconf 92' lang='lat' dir='ltr'><strong>uno</strong></span> <span class='ocrx_word' id='word_1_303' title='bbox 1219 3892 1328 3958; x_wconf 90' lang='lat' dir='ltr'><strong>codice</strong></span> 
     </span>
     <span class='ocr_line' id='line_1_35' title="bbox 191 3996 1328 4081; baseline -0.002 -17"><span class='ocrx_word' id='word_1_304' title='bbox 191 3997 367 4064; x_wconf 81' lang='lat' dir='ltr'><strong>Hauniensi</strong></span> <span class='ocrx_word' id='word_1_305' title='bbox 391 3999 499 4079; x_wconf 85' lang='lat' dir='ltr'><strong>affert,</strong></span> <span class='ocrx_word' id='word_1_306' title='bbox 532 3997 565 4062; x_wconf 93' lang='lat' dir='ltr'><strong>in</strong></span> <span class='ocrx_word' id='word_1_307' title='bbox 587 3997 771 4063; x_wconf 82' lang='lat' dir='ltr'><strong>Florentino</strong></span> <span class='ocrx_word' id='word_1_308' title='bbox 792 4017 919 4080; x_wconf 90' lang='lat' dir='ltr'><strong>quoque</strong></span> <span class='ocrx_word' id='word_1_309' title='bbox 941 3997 1022 4062; x_wconf 91' lang='lat' dir='ltr'><strong>libro</strong></span> <span class='ocrx_word' id='word_1_310' title='bbox 1043 3996 1199 4079; x_wconf 90' lang='lat' dir='ltr'><strong>inveniri,</strong></span> <span class='ocrx_word' id='word_1_311' title='bbox 1231 3996 1328 4081; x_wconf 87' lang='lat' dir='ltr'><strong>idque</strong></span> 
     </span>
    </p>
   </div>
   <div class='ocr_carea' id='block_1_3' title="bbox 192 4099 1451 4186">
    <p class='ocr_par' dir='ltr' id='par_1_3' title="bbox 192 4099 1451 4186">
     <span class='ocr_line' id='line_1_36' title="bbox 192 4099 1451 4186; baseline -0.002 -20"><span class='ocrx_word' id='word_1_312' title='bbox 192 4101 363 4168; x_wconf 88' lang='lat' dir='ltr'><strong>Victoriam</strong></span> <span class='ocrx_word' id='word_1_313' title='bbox 393 4107 478 4166; x_wconf 87' lang='lat' dir='ltr'><strong>reete</strong></span> <span class='ocrx_word' id='word_1_314' title='bbox 502 4107 660 4166; x_wconf 70' lang='lat' dir='ltr'><strong>enomsse.</strong></span> <span class='ocrx_word' id='word_1_315' title='bbox 707 4100 770 4166; x_wconf 90' lang='lat' dir='ltr'><strong>Ubi</strong></span> <span class='ocrx_word' id='word_1_316' title='bbox 793 4099 931 4184; x_wconf 87' lang='lat' dir='ltr'><strong>denique</strong></span> <span class='ocrx_word' id='word_1_317' title='bbox 953 4100 1063 4166; x_wconf 89' lang='lat' dir='ltr'><strong>variae</strong></span> <span class='ocrx_word' id='word_1_318' title='bbox 1086 4099 1204 4166; x_wconf 87' lang='lat' dir='ltr'><strong>codicis</strong></span> <span class='ocrx_word' id='word_1_319' title='bbox 1227 4100 1329 4186; x_wconf 80' lang='lat' dir='ltr'><strong>scrip</strong></span> <span class='ocrx_word' id='word_1_320' title='bbox 1443 4115 1451 4129; x_wconf 72' lang='lat'><strong><em>¹</em></strong></span> 
     </span>
    </p>
   </div>
   <div class='ocr_carea' id='block_1_4' title="bbox 190 4203 1330 4395">
    <p class='ocr_par' dir='ltr' id='par_1_4' title="bbox 190 4203 1330 4395">
     <span class='ocr_line' id='line_1_37' title="bbox 190 4203 1326 4288; baseline 0 -18"><span class='ocrx_word' id='word_1_321' title='bbox 190 4213 282 4272; x_wconf 90' lang='lat' dir='ltr'><strong>turae</strong></span> <span class='ocrx_word' id='word_1_322' title='bbox 298 4205 376 4270; x_wconf 86' lang='lat' dir='ltr'><strong>nihil</strong></span> <span class='ocrx_word' id='word_1_323' title='bbox 395 4204 510 4288; x_wconf 88' lang='lat' dir='ltr'><strong>adieci,</strong></span> <span class='ocrx_word' id='word_1_324' title='bbox 539 4205 584 4270; x_wconf 93' lang='lat' dir='ltr'><strong>ibi</strong></span> <span class='ocrx_word' id='word_1_325' title='bbox 600 4203 729 4270; x_wconf 88' lang='lat' dir='ltr'><strong>Victorii</strong></span> <span class='ocrx_word' id='word_1_326' title='bbox 752 4203 848 4269; x_wconf 90' lang='lat' dir='ltr'><strong>lectio</strong></span> <span class='ocrx_word' id='word_1_327' title='bbox 871 4203 985 4270; x_wconf 89' lang='lat' dir='ltr'><strong>eadem</strong></span> <span class='ocrx_word' id='word_1_328' title='bbox 1008 4210 1058 4270; x_wconf 92' lang='lat' dir='ltr'><strong>est</strong></span> <span class='ocrx_word' id='word_1_329' title='bbox 1079 4209 1175 4288; x_wconf 86' lang='lat' dir='ltr'><strong>atque</strong></span> <span class='ocrx_word' id='word_1_330' title='bbox 1198 4205 1326 4286; x_wconf 89' lang='lat' dir='ltr'><strong>lemma,</strong></span> 
     </span>
     <span class='ocr_line' id='line_1_38' title="bbox 190 4305 1330 4395; baseline 0.002 -21"><span class='ocrx_word' id='word_1_331' title='bbox 190 4307 212 4374; x_wconf 94' lang='lat' dir='ltr'><strong>i.</strong></span> <span class='ocrx_word' id='word_1_332' title='bbox 239 4329 267 4375; x_wconf 94' lang='lat' dir='ltr'><strong>e.</strong></span> <span class='ocrx_word' id='word_1_333' title='bbox 300 4307 433 4374; x_wconf 91' lang='lat' dir='ltr'><strong>verbum</strong></span> <span class='ocrx_word' id='word_1_334' title='bbox 466 4327 507 4374; x_wconf 83' lang='lat' dir='ltr'><strong>ex</strong></span> <span class='ocrx_word' id='word_1_335' title='bbox 536 4315 685 4375; x_wconf 84' lang='lat' dir='ltr'><strong>contextu</strong></span> <span class='ocrx_word' id='word_1_336' title='bbox 716 4307 932 4394; x_wconf 89' lang='lat' dir='ltr'><strong>Spengeliano</strong></span> <span class='ocrx_word' id='word_1_337' title='bbox 964 4305 1171 4395; x_wconf 84' lang='lat' dir='ltr'><strong>exscriptum.</strong></span> <span class='ocrx_word' id='word_1_338' title='bbox 1222 4309 1330 4377; x_wconf 88' lang='lat' dir='ltr'><strong>Veluti</strong></span> 
     </span>
    </p>
   </div>
   <div class='ocr_carea' id='block_1_5' title="bbox 0 0 1642 4932">
    <p class='ocr_par' dir='ltr' id='par_1_5' title="bbox 0 0 1642 4932">
     <span class='ocr_line' id='line_1_39' title="bbox 0 0 1642 4932; baseline 0 0"><span class='ocrx_word' id='word_1_339' title='bbox 0 0 1642 4932; x_wconf 95' lang='lat' dir='ltr'><strong> </strong></span> 
     </span>
    </p>
   </div>
  </div>
 </body>
</html>
