3248 4928
639 352 680 476 -Ι
728 431 812 512 [ass]
861 467 900 476 -
1297 425 1338 490 ss

203 639 235 704 p.
255 621 317 683 267
342 619 465 698 elucet,
499 619 553 684 uhi
581 619 670 706 (περὶ
693 621 906 700 Καπίτωνος)
934 617 1055 684 Suidae
1084 615 1191 682 verbis
1212 617 1342 698 Λίβιον

203 718 264 787 τόν
281 715 447 805 Ῥωμαῖον
469 722 540 806 ipsa
563 721 728 806 subiungit
749 719 809 788 τόν
831 724 1042 804 Παταβινον.

289 827 325 891 Ρ.
355 829 414 891 129
438 826 517 911 περὶ
532 823 765 913 Δημοκήόους.
802 823 955 912 ἰατρικὸν
976 825 1110 908 βιβλίον
1132 823 1261 904 Suidas,
1289 821 1342 887 lu·-

203 928 301 1016 τρικόι
314 931 431 1012 βιβλία
447 930 542 995 δέκα
565 930 647 996 End.
688 928 773 1007 Quot
787 930 915 1012 inerint,
934 931 1136 1015 ignoramus;
1163 927 1226 994 utri
1242 927 1343 992 maior

203 1033 284 1100 lides
306 1035 349 1100 sit
369 1035 529 1117 habenda,
556 1035 665 1100 nullns
687 1035 811 1104 dubito.

289 1137 412 1204 Eadem
433 1138 467 1203 in
490 1137 610 1224 pagina
632 1138 673 1204 de
688 1137 876 1204 Dioscorida
896 1138 943 1204 ita
957 1136 1026 1221 agit
1040 1135 1192 1214 Endoola,
1218 1142 1255 1200 ut
1269 1153 1340 1200 enm

203 1239 352 1306 videatur
373 1241 512 1307 novisse.
549 1241 632 1308 Nam
656 1249 688 1307 et
703 1241 847 1308 nominat
862 1239 1100 1327 Διοοκαρίόην
1114 1238 1230 1305 rectius
1245 1258 1341 1322 qnam

204 1343 324 1410 Snidae
354 1345 506 1429 vulgatus
536 1352 643 1412 textus
678 1345 943 1432 (Διοσκουρίδης)
975 1351 1008 1411 et
1035 1339 1214 1426 βοτανικός
1242 1342 1342 1408 adicit

205 1448 276 1514 voci
306 1447 449 1514 eSnida
478 1448 598 1535 petitae
629 1447 755 1535 ἰατρός.
803 1449 970 1516 Editlones
992 1445 1190 1515 Dioscoridis
1212 1447 1340 1512 novisse

206 1551 311 1636 potuit
332 1551 469 1618 Aldinae
491 1573 521 1618 a.
550 1555 633 1617 1499
656 1560 689 1619 α1
713 1554 794 1618 1518
818 1559 850 1620 et
872 1551 1092 1619 Basilecnsem
1115 1573 1146 1617 a.
1175 1553 1268 1615 1529.

290 1657 326 1722 Ρ.
356 1659 415 1722 133
438 1657 518 1743 περὶ
533 1660 785 1742 Διογενιιανοῦ.
825 1657 932 1723 Verba
945 1651 1032 1721 κατὰ
1046 1659 1253 1738 Λυσίμαχον
1274 1654 1341 1718 1111-

204 1758 297 1826 docia
319 1759 421 1826 addit.
468 1758 570 1838 Quem
594 1759 819 1846 Lysimachum
841 1761 1021 1844 intellegat,
1046 1765 1082 1825 ut
1101 1759 1175 1844 ipsa
1196 1756 1336 1838 sciverit,

203 1862 298 1929 valde
319 1881 442 1929 vereor.
488 1864 556 1930 Nos
586 1872 671 1931 cerus
699 1865 901 1949 ignoramus,
935 1883 1039 1947 neqne
1065 1881 1127 1946 quo
1150 1881 1227 1928 casn
1249 1859 1339 1926 inid

202 1987 317 2033 nomen
347 1966 512 2049 inciderit,
546 1967 753 2034 coniectando
774 1969 905 2053 assequi
927 1985 1109 2054 possumus.
1156 1965 1240 2032 Nam
1263 1964 1340 2046 quin

204 2072 245 2137 de
269 2091 336 2138 sno·
348 2071 509 2138 addiderit
530 2071 679 2138 dubitare
702 2079 849 2138 vetamur
870 2091 919 2156 eo,
944 2071 1030 2155 quod
1045 2069 1170 2153 reliqua
1185 2067 1292 2134 omnia
1306 2067 1339 2132 in

205 2195 245 2242 ea
273 2175 347 2260 ipsa
374 2176 486 2260 glossa
511 2177 682 2261 evulgato
705 2175 936 2243 Suidaetcxtn
960 2193 1115 2261 expressa
1136 2180 1225 2239 aunt:
1260 2175 1341 2236 Aco-

204 2276 376 2364 γενειανός
387 2273 591 2364 Ἡρακλείας
603 2277 740 2346 Πόντου
751 2275 984 2367 γραμματικός
999 2273 1142 2364 γεγονὼς
1158 2274 1216 2342 ἐπὶ
1231 2269 1341 2361 Ἀδρι-

205 2389 290 2449 ανοῦ
303 2384 481 2465 βασιλέως.
507 2379 745 2468 Διογενειανός
757 2379 961 2470 Ἡρακλείας
977 2381 1102 2468 ἑτέρας,
1124 2374 1164 2446 οὗ
1178 2387 1236 2468 τῆς
1248 2377 1342 2445 Πόν-

203 2511 264 2552 του
286 2483 526 2574 γραμματικὸς,
553 2483 696 2572 γεγονὼς
717 2488 775 2551 καὶ
790 2481 893 2564 αότὸς
909 2485 966 2552 ἐπὶ
982 2479 1161 2572 Ἀδριανοῦ
1174 2483 1341 2566 βασιλέως

204 2589 324 2656 Suidac
346 2590 419 2656 libri
436 2589 464 2655 A
479 2597 512 2656 et
526 2591 564 2672 V,
590 2587 829 2676 Διονινειανὸς
848 2584 1050 2676 Ἡρακλείοις
1074 2585 1212 2654 Πόντου
1232 2609 1341 2672 γραμ-

203 2689 344 2774 ματικός
376 2689 520 2778 γεγονὼς
554 2687 656 2770 αὐτὸς
690 2692 749 2758 ἐπὶ
778 2687 957 2780 Ἀδριανοῦ
988 2692 1155 2775 βασιλέως
1188 2691 1276 2774 vulg.
1309 2697 1341 2756 et

204 2797 316 2882 paucis
348 2797 475 2863 omissis
507 2797 663 2863 Endocia.
707 2797 712 2882 1
753 2797 842 2877 λέξις
875 2794 1081 2883 παντοδαπή
1115 2793 1235 2861 Snidae
1267 2791 1342 2858 libri

204 2903 231 2965 A
255 2901 282 2964 Β
304 2899 332 2965 V
354 2901 398 2980 ll,
436 2901 542 2980 λέξεις
565 2900 787 2968 παντοδαπαί
808 2903 897 2985 vulg.
924 2899 1062 2967 ο1Ε1111.
1109 2895 1217 2977 Quare
1246 2896 1341 2979 qnid-

204 3003 281 3085 quid
305 3003 347 3068 de
361 3001 482 3069 Snidae
505 3003 575 3070 loco
598 3003 802 3070 statuendum
825 3011 886 3084 est,
912 3023 976 3069 non
989 3003 1153 3070 meliorem
1170 3019 1265 3084 quam
1281 3019 1340 3066 nos

204 3126 276 3171 sum
299 3105 380 3191 legit
401 3107 571 3190 falsarius,
604 3127 709 3190 neque
732 3127 772 3174 ex
795 3106 958 3193 Hesychia
980 3106 1122 3188 Milesio,
1156 3103 1214 3170 scd
1241 3124 1260 3169 s
1283 3121 1341 3168 suo

204 3209 307 3294 ipsius
329 3208 460 3293 ingenio
483 3209 710 3295 Lysimachum
734 3210 939 3296 deprompsit.

289 3313 324 3377 P.
355 3315 414 3377 137
442 3311 540 3378 Dioni
563 3313 768 3398 Syracusano
797 3309 976 3398 διαλόγους
1006 3309 1154 3387 πολλοὺς
1176 3306 1262 3374 κατὰ
1283 3311 1340 3392 μί-

202 3437 304 3502 μησιν
327 3413 513 3492 Πλάτωνος
535 3437 600 3482 una
622 3417 765 3483 lindocia
787 3417 914 3496 tribnit3
948 3423 1090 3483 veterum
1113 3435 1208 3482 nemo
1230 3433 1339 3480 corum

203 3519 397 3586 mentionem
420 3519 507 3586 lacit.

290 3624 324 3688 P.
354 3627 413 3688 161
447 3623 528 3710 περί
553 3617 772 3710 Ἕρμαγόροο.
813 3623 893 3709 περὶ
921 3619 1038 3687 κώλων
1069 3623 1127 3686 καί
1154 3618 1334 3708 περιόδων,

202 3745 297 3808 quem
313 3727 430 3792 librum
445 3747 510 3792 nna
524 3727 671 3794 lindocia
685 3725 839 3809 nominat,
864 3725 953 3792 hand
976 3721 1087 3791 dubito
1108 3725 1186 3808 quin
1208 3724 1339 3790 aliunde

200 3830 354 3896 intulerit.
401 3829 555 3897 Eiusdem
578 3829 695 3916 capitis
716 3830 751 3896 111
773 3829 837 3896 fine
859 3830 939 3916 περὶ
962 3826 1142 3916 σχημάτων
1164 3827 1340 3916 ῥητορι-

203 3940 301 3999 κῶν·
333 3934 403 3998 nal
427 3928 529 4000 όλλα
552 3931 650 3999 τινά
671 3933 768 4015 Eud,
795 3933 876 4019 περὶ
898 3929 1079 4020 σχημάτων
1100 3931 1230 3998 sudas.

287 4037 323 4100 P.
351 4041 412 4101 161
434 4037 515 4122 περὶ
539 4030 744 4102 Εὐσταβίαο.
780 4040 1007 4122 συνοίόρισε
1036 4033 1091 4110 uita
1112 4036 1223 4120 10111111)
1249 4034 1342 4102 addit

203 4139 347 4205 Eudocia
368 4147 401 4206 et
422 4134 632 4227 ὡραιοτάτην
654 4147 687 4206 et
708 4146 769 4206 τοῦ
794 4137 912 4228 Τρωός
953 4139 959 4226 l
998 4137 1142 4204 Τ111111ν
1162 4135 1280 4222 νόμοις
1303 4135 1337 4202 θ’

202 4243 308 4324 Scio,
335 4241 371 4309 ἓν
393 4241 511 4328 νόμοις
533 4243 667 4308 ε’ίκοσι
688 4243 771 4310 Eud.
820 4245 890 4310 Nec
911 4263 986 4310 vero
1008 4242 1123 4327 viginti
1144 4263 1205 4308 neo
1226 4261 1339 4308 novem

201 4356 292 4413 erant
314 4347 475 4415 Eustathii
498 4347 662 4414 annalium
685 4348 770 4432 libri,
796 4347 855 4414 sed
877 4348 943 4412 duo
966 4345 1021 4429 (cl.
1040 4343 1340 4414 Fabricius-Herios

1097 4453 1132 4502 η.
