3248 4928
642 447 686 492 <—
732 409 817 492 [373]
865 445 907 456 -
1301 413 1337 476 or

202 602 285 669 llud.
340 603 453 686 Neque
483 621 594 667 verum
625 607 675 666 est
705 599 881 684 pleniorem
912 603 1022 664 extare
1051 597 1139 684 apud
1165 598 1342 665 Eudociam

204 713 328 772 textum
351 703 548 790 argumenti,
582 702 641 770 sed
666 703 740 769 aliis
771 722 789 768 e
812 701 952 768 fontibus
974 701 1151 784 quaedam,
1184 709 1220 769 ut
1247 703 1339 786 solet,

205 811 264 876 illa
285 809 415 876 inserit:
450 806 514 894 ἐγὼ
535 807 599 890 μὲν
622 803 678 872 διὰ
701 805 738 870 οὲ
760 843 803 854 -
825 801 886 871 τὸν
908 801 1026 870 πόθον
1048 824 1088 871 ex
1115 806 1234 888 (Treta.
1260 807 1339 890 Lyc.

206 917 256 996 5οΙ
284 913 385 978 Phav.
405 914 466 977 868
490 911 667 993 eodemque
689 930 708 975 e
731 908 819 974 fonte
847 909 880 974 in
911 908 1055 993 margine
1086 907 1178 974 addit
1208 903 1342 996 ἄφυκτα

205 1015 269 1102 γὰρ
292 1054 334 1064 -
355 1009 470 1102 ὕδρας,
506 1035 589 1099 quae
610 1013 712 1080 textui
735 1011 878 1078 vindicat
901 1012 1069 1078 Villoison.
1116 1013 1199 1078 Tum
1228 1034 1292 1080 non
1321 1034 1342 1078 a

205 1141 284 1187 voce
314 1116 454 1202 διεξιὼν,
490 1118 549 1186 sed
578 1117 654 1184 inde
683 1138 705 1181 a
726 1113 789 1182 σὺν
817 1121 863 1200 τῷ
892 1114 991 1180 παιδὶ
1021 1114 1132 1200 incipit
1157 1115 1265 1182 Nonni
1295 1117 1343 1181 lo-

207 1225 378 1291 cus140.

292 1329 365 1394 Non
398 1327 512 1394 eadem
547 1346 587 1392 ex
620 1323 759 1391 editione
792 1321 885 1389 fluxit
919 1323 997 1408 περὶ
1023 1316 1215 1411 Ἀντιγόνης
1248 1331 1345 1409 capnt

207 1453 238 1516 p.
258 1434 309 1512 18,
343 1429 511 1516 Sophoclis
539 1429 720 1511 Antigonae
753 1433 993 1510 argumentum,
1030 1427 1116 1510 quod
1149 1447 1357 1510 quamquam.

207 1555 270 1600 nou
299 1541 385 1600 recte
414 1532 556 1600 Dindori
586 1531 703 1617 (Schol.
735 1529 834 1615 Soph.
860 1531 892 1594 II
915 1551 946 1614 p.
972 1533 1023 1613 20)
1057 1531 1193 1616 primum
1222 1549 1294 1596 esse
1323 1551 1343 1595 a

209 1638 370 1704 Brunckio
400 1637 521 1704 editum
550 1635 663 1718 refert,
697 1642 805 1700 tamen
835 1654 898 1699 non
920 1633 1073 1715 Aldinae,
1107 1633 1163 1700 sed
1193 1634 1342 1718 vulgatas

207 1742 361 1808 lectiones
382 1740 427 1808 ibi
448 1747 555 1806 tuetur
569 1739 669 1805 Eud:
697 1735 797 1804 νεκὺν
817 1736 891 1803 Ald.
911 1736 1084 1821 Brubach.,
1109 1735 1229 1822 νεκρὸν
1251 1739 1339 1820 vulg.

208 1845 290 1910 End.
324 1844 328 1932 Ι
363 1841 673 1930 προσεσισφάζει
705 1842 780 1906 Ald.
814 1840 991 1922 Brubach.,
1034 1839 1218 1926 ἐπισφάξαι
1251 1842 1340 1924 vulg.

208 1947 290 2014 Eud.
313 1948 318 2034 Ι
339 1940 356 2036 ἡ
375 1952 542 2034 Κρέοντος
557 1942 683 2033 γαμετὴ
696 1939 859 2031 Εὐρυδίκη
876 1943 950 2010 Ald.
969 1945 1143 2026 Brulrach.,
1166 1939 1340 2030 Εὐρυδίκη,

209 2044 226 2137 ἡ
250 2057 311 2117 τοῦ
333 2055 394 2136 Κρ.
421 2074 501 2136 γυμ.
526 2051 615 2134 vulg.
634 2048 717 2116 Eud.
765 2048 872 2127 Quare
894 2047 927 2114 in
949 2048 1029 2113 libro
1052 2049 1159 2132 aliquo
1182 2047 1345 2112 miseella-

208 2175 268 2220 neo
291 2153 453 2221 invenisse
475 2155 535 2220 hoc
556 2159 778 2238 argumentum
802 2151 945 2218 Eudocia
967 2150 1103 2216 videtur.

295 2362 312 2446 Ι
345 2366 396 2426 10.
443 2361 658 2427 EURIPIDIS
694 2359 868 2426 Alcestidis
905 2365 1128 2442 argumentum
1166 2379 1183 2424 e
1226 2358 1341 2442 [Schol.

208 2467 343 2548 Platon.)
380 2465 558 2532 Phavorino
581 2465 614 2530 in
636 2463 804 2532 violarium
826 2463 1014 2528 translatum
1038 2481 1110 2528 esse
1133 2483 1230 2547 supra
1253 2484 1284 2547 p.
1303 2467 1344 2528 26

208 2569 312 2636 docui.
352 2569 474 2636 Orestis
497 2575 529 2635 et
551 2567 718 2653 Hippolyti
739 2573 930 2650 argumenta
951 2587 992 2632 ex
1014 2565 1176 2652 Euripidis
1206 2567 1345 2633 editione

209 2680 265 2738 aut
286 2673 405 2738 Aldina
427 2679 483 2738 aut
505 2671 681 2738 recentiore
703 2670 814 2753 aliqua
833 2669 924 2734 illius
953 2669 1116 2735 simillima
1138 2671 1255 2755 repetit
1280 2671 1346 2735 llu-

208 2776 315 2842 docia:
350 2798 382 2862 p.
402 2779 463 2840 310
484 2771 642 2862 Ὀρέστης
672 2773 837 2838 δὲταῦτα
866 2768 911 2859 μὴ
935 2777 1051 2859 φέρων
1074 2811 1115 2822 -
1138 2795 1170 2858 p.
1191 2776 1250 2837 317
1269 2767 1345 2858 Ἅρ-

208 2904 288 2964 γυυς
318 2874 434 2966 ἄρχειν
455 2881 588 2962 Argum.
615 2879 690 2942 Eur.
716 2877 839 2943 Orest:
873 2873 1190 2962 μεταπορευόμενος
1217 2877 1346 2961 Euripi-

208 2983 259 3048 dis
282 2983 356 3048 libri
377 2983 589 3066 antiquiores,
627 2978 887 3068 ἐκδικησάμενος
915 2979 989 3045 Ald.
1016 2979 1099 3045 End.
1128 2979 1133 3066 Ι
1164 2981 1242 3066 περὶ
1273 2987 1345 3046 vob

193 3091 243 3153 ,τί
265 3087 315 3151 dei
338 3087 449 3172 llurip.
475 3085 566 3168 libri,
602 3085 682 3172 περὶ
703 3081 824 3150 τούτου
850 3087 882 3146 τί
905 3082 956 3146 δεῖ
977 3083 1051 3148 Ald.
1083 3087 1163 3166 (cum
1188 3105 1248 3150 uno
1272 3085 1340 3149 eod.

210 3190 394 3274 recentiore)
415 3197 448 3254 et
463 3189 545 3255 End.
575 3189 580 3274 Ι
610 3211 643 3274 p.
663 3191 724 3253 317
748 3192 867 3253 τέκνου
884 3185 994 3271 Eurip.
1016 3186 1100 3270 libri,
1126 3191 1252 3252 τέκνων
1266 3187 1340 3253 Ald.

208 3301 241 3358 et
263 3293 346 3358 End.
380 3293 392 3378 ΙΙ
423 3294 458 3358 Ρ.
478 3297 537 3356 411
567 3289 696 3379 Θησεὺς
727 3285 842 3366 ὁυὶὸς
869 3287 1011 3374 Alopes·
1039 3309 1140 3373 usque
1174 3291 1216 3356 ed
1249 3291 1344 3356 linem

208 3417 387 3480 exurgam.
407 3396 516 3480 Eurip.
537 3396 666 3481 Hippol.
683 3425 688 3460 :
708 3399 884 3476 συνέβαινε
900 3392 983 3474 libri,
1010 3397 1132 3480 συνέβη
1149 3395 1223 3460 Ald.
1243 3394 1324 3458 llud.
1339 3397 1342 3478 Ι

208 3500 539 3586 κατενταγγειλαμίνη
569 3499 660 3582 libri,
697 3497 981 3584 κατεπηγγείλατο
1016 3497 1090 3562 Ald.
1124 3498 1206 3563 llud.
1237 3498 1241 3584 Ι
1276 3497 1341 3584 ἔφη

209 3609 282 3690 γῆς
305 3601 618 3688 ίγκαταστησεσίίαι
641 3601 723 3683 libri,
751 3600 816 3688 ἔφη
841 3599 1075 3686 ἐγχωρίους
1100 3599 1343 3688 ἕγκασασσησε-

208 3711 292 3770 σθαι
316 3706 465 3772 Musarus
487 3705 577 3771 dedit
602 3704 731 3789 (codex,
757 3726 819 3788 quo
841 3723 919 3769 usus
941 3710 1008 3786 est,
1035 3711 1094 3790 γης
1116 3725 1187 3770 curn
1212 3705 1343 3787 reliquis

209 3809 330 3892 habet),
356 3829 450 3892 quem
474 3809 617 3876 Eudocia
639 3808 793 3892 sequitur.

294 4019 311 4102 Ι
338 4022 386 4082 11.
434 4017 743 4082 PALAEPHA'IUS
766 4023 799 4082 ct
821 4015 1048 4082 CORNIITUS
1082 4015 1158 4098 quia
1187 4015 1254 4083 sere
1288 4019 1343 4084 toti

209 4123 242 4187 in
265 4121 431 4187 violarium
457 4121 577 4206 recepti
600 4128 683 4200 sunt,
717 4119 760 4185 ad
782 4140 891 4185 eorum
914 4125 1021 4184 textus
1043 4119 1257 4186 restituendos
1280 4123 1345 4186 llu-

208 4225 332 4291 dociam
366 4225 569 4290 utilissimam
604 4245 676 4290 esse
710 4223 771 4290 rati
801 4223 860 4288 viri
895 4222 979 4288 docti
1009 4223 1256 4306 diligentissime
1285 4225 1345 4290 ad-

207 4329 389 4396 hibuerunt.
454 4329 517 4394 Sed
556 4350 596 4394 ea
632 4347 706 4411 spes
744 4327 839 4412 plane
877 4327 919 4392 ad
956 4327 1078 4394 irritum
1115 4326 1246 4394 redacta
1282 4327 1340 4414 e'st,
