3248 4928
644 462 685 469 -
734 425 820 507 [aaa]
868 461 911 470 --
1310 428 1350 488 ra

205 614 239 679 in
262 613 323 680 beo
345 633 411 677 una
434 619 524 696 parts
547 619 612 678 tam
637 613 737 680 multu
751 613 873 692 addita,
901 614 1042 698 dempta,
1069 613 1206 698 deniqne
1227 621 1349 679 mutata

205 726 289 802 sunt,
317 726 351 785 ut
365 727 528 804 tamquam
544 740 609 785 nou
623 720 729 804 ipsam
745 719 920 786 Eudoeiam
937 739 1112 804 agnoscere
1128 719 1186 786 tibi
1204 720 1344 804 videare,

205 823 263 890 sed
294 824 395 889 alium
425 823 665 909 compilatorem
692 823 889 890 callidiorem
913 823 1081 909 magisque
1102 824 1136 890 in
1160 844 1348 908 graecarum

206 927 388 996 litterarum
401 926 536 994 historia
551 935 722 994 versatum.
764 929 859 995 Certe
882 927 910 994 si
925 929 997 1014 ipsa
1012 927 1156 995 Eudocia
1170 928 1242 1012 fuit,
1269 928 1348 995 baec

206 1032 330 1099 etalio
358 1039 455 1116 atque
485 1033 609 1117 reliqua
639 1031 679 1098 de
707 1032 823 1117 quibus
854 1032 981 1117 agimm
1008 1039 1152 1118 tempore
1174 1039 1207 1098 et
1229 1033 1348 1099 maiore

204 1135 310 1202 studio
325 1137 523 1223 perscripsit.
564 1137 698 1204 Accedit
713 1137 799 1220 quod
821 1137 902 1202 nihil
924 1137 958 1202 in
980 1143 1046 1204 toto
1064 1137 1195 1204 violatio
1210 1158 1228 1204 e
1244 1137 1347 1203 Suida

205 1241 276 1327 ipso
298 1247 426 1326 praeter
448 1241 659 1326 biographica
682 1241 904 1327 depromptum
927 1261 999 1308 esse
1023 1261 1121 1327 snpra
1148 1243 1189 1327 (p.
1216 1242 1263 1324 ts}
1291 1241 1349 1308 do-

205 1345 269 1411 cui.
315 1345 365 1410 Ex
387 1344 508 1412 Aldina
537 1345 635 1430 igitur
658 1345 778 1411 Suidae
808 1345 948 1412 editione
971 1346 1158 1431 scriptorum
1182 1345 1267 1412 vitae
1291 1366 1348 1412 ex-

206 1455 336 1535 cerptae
354 1449 452 1533 inque
468 1449 692 1534 compendium
708 1449 859 1516 redactae
875 1457 959 1532 snut,
977 1450 1024 1516 ita
1038 1457 1157 1532 tamen,
1176 1456 1212 1516 ut
1226 1455 1345 1530 auctor,

207 1555 387 1636 ubicunque
410 1553 528 1639 potuit,
563 1554 751 1640 plerumque
773 1553 808 1618 in
830 1553 981 1619 librorum
1005 1554 1109 1619 titulis
1132 1554 1349 1639 locupletandi

207 1657 327 1724 Suidae
343 1677 451 1724 curam
467 1657 609 1724 haberet.
640 1657 755 1724 Omnia
770 1663 878 1723 autem
893 1657 955 1723 ista
971 1658 1130 1743 exipsius
1145 1657 1273 1742 ingenio
1289 1659 1348 1724 ad-

207 1762 275 1830 dita
292 1781 364 1829 esse
381 1781 460 1828 cave
476 1761 660 1848 suspiceris,
687 1762 746 1828 secl
765 1762 862 1828 facile
878 1783 895 1828 c
911 1762 1068 1847 catalogis
1084 1761 1236 1827 libromm
1252 1783 1348 1828 manu

207 1866 345 1952 scriptis,
372 1867 485 1949 quales
508 1865 600 1932 multi
621 1871 688 1932 tum
712 1865 1032 1946 circumferebantur,
1061 1866 1172 1932 titulos
1195 1866 1347 1931 librorum

208 1971 291 2036 sumi
320 1971 463 2056 potuisse
486 1975 734 2037 cousentaneum
758 1977 817 2036 cst.
866 1970 951 2036 Sane
975 1989 1101 2051 eorum,
1135 1990 1220 2054 quae
1242 1991 1263 2034 a
1284 1969 1347 2034 fal·

207 2075 292 2141 sario
310 2073 463 2140 Suidanis
486 2074 599 2140 addita
622 2081 706 2156 sunt,
732 2094 795 2140 non
817 2094 921 2159 pauca
942 2074 1050 2140 inveni
1074 2074 1107 2139 in
1130 2073 1277 2158 catalogo
1300 2073 1349 2138 bi-

208 2177 390 2245 bliotbccae
412 2178 549 2244 alicuius
573 2177 718 2244 Graecae
741 2197 828 2244 saec.
846 2178 923 2244 XVI
945 2177 1094 2244 exeuntis
1123 2177 1210 2260 (Cod.
1229 2178 1345 2243 Veron.

208 2283 314 2368 Capit.
340 2281 460 2350 CXVII
490 2284 570 2366 (107)
598 2281 740 2348 chartac.
766 2281 856 2347 form.
884 2287 923 2364 t,
949 2282 1040 2348 cuius
1062 2281 1284 2366 apographum
1307 2281 1348 2346 ab

208 2387 279 2472 ipso
296 2386 390 2452 aunis
409 2389 490 2451 1867
506 2393 538 2452 ct
557 2387 637 2450 1868
660 2386 807 2452 Veronae
830 2386 950 2452 sactum
973 2385 1201 2452 liberalissime
1223 2405 1347 2451 mecum
1430 2387 1432 2392 ’

208 2491 452 2557 communicavit
475 2490 562 2556 Guil.
581 2489 793 2572 Studemnnd)
807 2492 832 2574 *l
859 2497 916 2556 aut
936 2490 1040 2557 isdem
1063 2497 1120 2556 aut
1140 2490 1214 2555 aliis
1237 2495 1348 2555 aucto-

208 2594 296 2660 ribus
318 2595 438 2661 tributa
460 2601 556 2678 atque
579 2594 717 2678 imputat
740 2593 893 2660 Eudoeia.

215 2701 217 2706 '
293 2699 396 2785 ‘lypis
411 2717 566 2784 expressa
580 2698 660 2764 talia
675 2705 833 2784 excerpta,
862 2705 1015 2782 quantum
1032 2699 1143 2779 sciam,
1170 2719 1233 2764 non
1250 2704 1342 2777 suut3

208 2823 305 2868 manu
329 2803 448 2888 scripta
469 2802 614 2870 extitisse
637 2809 670 2869 et
691 2823 751 2887 per
773 2823 808 2868 se
830 2803 997 2888 probabile
1021 2809 1078 2884 est,
1105 2809 1138 2868 et
1159 2801 1349 2868 laudatura

207 2905 418 2990 Bemhardyo
441 2905 474 2972 in
498 2913 668 2973 comment.
693 2907 734 2973 de
757 2906 878 2974 Suidae
901 2907 1004 2974 lexico
1026 2927 1060 2992 p.
1082 2905 1224 2972 XXXIV
1247 2906 1347 2972 codex

207 3010 310 3076 Paris.
337 3011 442 3096 suppl.
469 3013 510 3076 96
539 3012 623 3078 vitas
654 3018 818 3078 auctorum
849 3032 867 3078 e
891 3011 992 3078 Suida
1018 3010 1226 3095 depromptas
1249 3009 1349 3075 conti-

207 3133 287 3180 nens
310 3115 497 3180 Emanuelis
520 3115 734 3201 chrysolorae
757 3137 852 3182 manu
876 3121 1038 3181 exaratus.
1088 3113 1187 3180 Cuius
1217 3113 1348 3198 generis

209 3218 351 3284 codicem
375 3225 497 3302 posta.
528 3225 627 3302 1514,
660 3239 722 3303 qno
751 3220 869 3285 emissa
899 3225 949 3284 est
970 3217 1045 3283 Aldi
1069 3217 1166 3284 editio
1200 3218 1347 3302 (fortasse

209 3322 307 3387 etiam
336 3328 409 3407 post
436 3323 634 3390 Basilecnsis
664 3345 694 3388 a.
723 3328 804 3388 1514
834 3323 942 3390 editae
970 3323 1105 3406 tempus)
1141 3322 1174 3386 in
1205 3323 1346 3388 fontibus

210 3424 372 3491 Eudociae
395 3425 496 3492 luisse
517 3427 597 3492 mibi
618 3446 808 3512 persuasum
832 3433 891 3494 est.

294 3665 398 3749 Atque
425 3667 563 3752 primum
592 3667 739 3752 quidem,
772 3689 867 3752 quam
898 3677 966 3735 arte
988 3689 1061 3734 cum
1083 3669 1201 3736 Aldine
1224 3670 1345 3736 Suidae

209 3775 297 3834 textu
322 3769 515 3836 cohaereant
536 3771 746 3856 biographica
761 3772 934 3856 Eudooiae,
961 3773 1184 3858 exponendum
1201 3773 1278 3839 mibi
1299 3781 1348 3840 est

208 3873 364 3957 exemplis
387 3894 428 3940 ex
450 3874 573 3959 ingenti
595 3896 727 3942 numero
749 3877 881 3960 prolatis
904 3877 1032 3960 paucis:

278 4199 300 4266 *J
323 4201 429 4258 Primae
455 4202 537 4260 huius
560 4205 682 4274 catalogi
705 4205 815 4259 litteras
839 4205 916 4275 typis
940 4205 1006 4259 olim
1030 4220 1178 4277 expressas
1196 4212 1225 4261 ct
1242 4207 1348 4277 publici

209 4289 277 4343 iuris
296 4287 384 4344 factas
403 4305 465 4346 osse
484 4293 608 4353 narrarit
626 4291 816 4363 Studemuud,
837 4293 861 4348 si
881 4293 1101 4356 molestemini,
1123 4293 1150 4352 iu
1170 4293 1274 4353 sobolis
1293 4292 1348 4354 Ar-

207 4377 462 4448 geutorateusibua
