3280 4932
755 415 972 504 -co-'

291 637 337 700 ita
359 641 482 714 tamen,
511 638 547 695 ut
574 629 676 711 κυρίας
704 649 821 694 nomen
852 628 896 694 illi
927 629 981 694 uni
1004 629 1169 715 proprium
1190 631 1432 718 relinqueretur.

292 777 333 788 -
357 775 398 787 -
421 735 485 802 Sed
502 742 537 800 ut
551 734 591 798 ad
608 731 832 819 Aristophanis
847 732 1051 798 Scholiasten
1074 732 1123 815 (5)
1148 743 1302 818 revertar,
1324 743 1432 822 potest

291 843 318 906 is
340 861 469 926 qnoque
491 837 577 903 haud
600 857 729 922 prorsus
753 834 837 901 falsa
860 837 998 921 fictoque
1021 836 1193 923 promsissa
1216 838 1330 906 videri.
1359 861 1431 906 oum

291 951 398 1010 ternas
420 946 524 1026 κυρίας
545 941 696 1008 ecclesias
718 939 851 1024 singulis
875 940 1037 1005 mensibus
1060 939 1159 1006 luisse
1182 941 1277 1006 dicat.
1304 943 1430 1009 Etenim

291 1049 409 1114 Pollux
436 1055 468 1112 et
482 1044 718 1130 Harpocration
735 1043 942 1108 Aristotelem
957 1049 1121 1108 auctorem
1136 1051 1323 1130 sequuntur,
1345 1068 1431 1112 eam·

292 1172 355 1235 que
378 1149 573 1235 reipublicae
603 1146 755 1228 formam,
787 1167 841 1211 eas
865 1146 968 1230 leges,
1000 1165 1039 1210 ea
1060 1146 1206 1212 instituta
1236 1146 1430 1232 describunt,

291 1276 373 1341 quae
388 1249 580 1317 Aristoteles
605 1249 728 1314 viderat
749 1249 989 1334 memoriaeque
1006 1249 1221 1316 inundaverat
1261 1251 1326 1317 sed
1343 1251 1429 1318 haud

290 1357 399 1422 multis
421 1361 494 1441 post
516 1352 724 1417 Aristotelem
746 1352 838 1416 annis
862 1371 934 1415 oum
957 1351 1019 1416 alia
1040 1357 1159 1416 novata
1180 1353 1244 1417 sint
1266 1353 1299 1418 in
1322 1353 1430 1420 Attica

291 1461 464 1548 republica,
487 1464 555 1522 tum
577 1455 722 1521 fortassis
738 1456 817 1520 haec
833 1473 962 1542 quoque
977 1455 1183 1520 ecclesiarum
1204 1457 1284 1521 ratio
1307 1464 1432 1524 mutata

292 1571 340 1629 est
362 1570 395 1628 et
416 1567 528 1643 κυριῶν
549 1579 667 1626 noman
690 1553 730 1624 ad
754 1579 865 1624 omnes
890 1558 1065 1624 ordinarias
1083 1561 1302 1626 translatum.“
1327 1561 1430 1626 Paulo

293 1669 387 1734 aliter
420 1686 487 1731 rem
525 1663 675 1729 informat
709 1662 911 1729 Schoemann
945 1665 976 1727 in
1009 1663 1090 1728 libro
1124 1663 1164 1730 de
1199 1665 1268 1729 iure
1302 1666 1430 1751 publico

293 1771 491 1836 Graecorum
513 1788 544 1854 p.
563 1769 642 1834 219:
668 1765 805 1851 „Populi
828 1765 961 1832 concilia
990 1801 1022 1811 -
1049 1801 1090 1812 -
1114 1767 1290 1854 antiquitus
1305 1770 1432 1856 singula

292 1873 425 1958 singulis
448 1871 603 1959 prytaniis
627 1869 787 1935 ordinaria
809 1869 907 1934 fuisse
923 1868 1081 1949 videntur,
1105 1891 1187 1955 quae
1209 1870 1305 1956 κύριαι
1328 1872 1433 1956 ἐκκλη-

293 1978 353 2044 σίαν
385 1976 586 2058 dicebantur3
617 1995 693 2038 mox
722 1973 824 2039 auctis
854 1974 950 2038 rebus
982 1981 1093 2040 ternae
1122 1973 1251 2041 additae
1280 1977 1432 2041 ecclesiae

291 2080 452 2166 legitimae
482 2075 663 2162 (νόμιμον),
696 2083 810 2162 postea
843 2083 950 2142 autem
985 2085 1017 2142 et
1047 2077 1136 2162 ipsae
1167 2075 1262 2162 κίρκοι
1296 2079 1428 2146 diotae.“

292 2184 441 2268 Denique
469 2183 501 2246 in
529 2181 783 2266 Antiquitatibus
812 2180 944 2246 Graecis
966 2180 1075 2266 lingua
1096 2183 1282 2266 germanica
1304 2186 1430 2270 scriptis

293 2287 327 2370 (1
349 2283 429 2369 403)
451 2285 498 2349 ita
518 2285 640 2367 statuit,
662 2285 752 2350 initio
776 2284 917 2369 singulae
939 2284 1037 2350 luisse
1052 2286 1085 2348 in
1103 2287 1249 2372 prytanio
1267 2290 1432 2356 contiones

294 2389 486 2470 ordinarias,
519 2388 624 2470 κυρίας
657 2387 773 2470 diotas3
815 2386 930 2454 deinde
964 2395 1151 2473 quaternas,
1191 2409 1273 2474 quae
1308 2390 1432 2474 νόμιμον

292 2493 443 2578 ἐκκλησίαι
461 2501 666 2558 vocarentur:
686 2493 790 2574 κυρίας
806 2491 962 2576 ἐκκλησίας
976 2515 1094 2559 nomen
1114 2515 1173 2580 per
1187 2502 1315 2580 tempus
1331 2494 1433 2581 quod·

293 2595 367 2662 darn
389 2597 512 2682 primae
536 2597 677 2662 contioni
695 2596 864 2682 prytaniae
878 2605 1083 2680 reservatum,
1106 2605 1220 2683 postea
1235 2599 1274 2664 ad
1292 2598 1432 2685 reliquas

293 2719 420 2786 qnoque
449 2705 512 2764 tres
544 2699 718 2776 ordinarias
746 2701 883 2766 relatum
914 2715 1011 2783 essc‚·
1031 2708 1067 2764 ut
1094 2701 1158 2766 iam
1187 2705 1302 2784 κυρίοις
1332 2721 1432 2788 oppo-

292 2810 447 2868 nerentur
459 2801 620 2887 ου’γκλητοι
636 2801 790 2887 ἐκκλησίαι
805 2803 824 2868 i.
835 2815 875 2867 ⁸e.
891 2803 1175 2870 extraordinariae.
1198 2803 1309 2890 anue
1324 2805 1431 2891 opinio

292 2904 452 2990 hodieque
474 2921 532 2990 pm
556 2906 746 2992 pervulgata
768 2905 878 2970 haberi
901 2906 1031 2990 potest.¹

396 3008 547 3074 Attamen
578 3008 701 3074 mireris
732 3015 858 3073 tantum
889 3008 1027 3076 valuisse
1056 3009 1144 3094 apud
1174 3009 1431 3076 Schoemannum

293 3131 404 3176 eorum
426 3111 707 3196 grammaticorum
730 3113 954 3178 auctoritatem
977 3112 1030 3197 qui
1054 3119 1118 3179 tres
1148 3115 1251 3196 κυρίας
1273 3112 1432 3196 ἐκκλησίας

293 3213 422 3282 casdem
445 3221 543 3302 atque
565 3215 712 3296 νομίμους
741 3215 871 3296 dicunt,
902 3221 938 3280 ut
962 3215 991 3280 ei
1011 3215 1257 3302 posthaberetur
1279 3197 1433 3282 disertum‘

292 3318 475 3384 Aristotelis
498 3317 538 3384 de
561 3339 627 3384 una
649 3319 800 3390 contione
815 3320 902 3408 κυρίη
925 3320 1092 3404 prytaniaa
1108 3321 1334 3386 testimonium.
1369 3319 1432 3396 Qui

292 3442 372 3508 quas
400 3442 452 3487 res
481 3421 515 3485 in
543 3421 598 3486 illa
630 3421 778 3487 contione
808 3422 940 3488 tractari
969 3443 1040 3488 esse
1069 3421 1179 3488 solitas
1207 3422 1299 3500 dicit,
1334 3423 1433 3490 veluti

292 3524 541 3610 ἐπιχειροτονίαν,
574 3523 752 3591 ostracismi
774 3526 1035 3608 προχεοροτονίαν,
1058 3525 1138 3606 alia,
1161 3526 1206 3590 ita
1228 3531 1432 3612 comparatae

293 3634 378 3708 sunt,
400 3635 437 3692 ut
459 3628 557 3696 semel
587 3635 712 3694 tantum
734 3629 767 3692 in
789 3629 939 3714 prytanio
968 3633 1055 3694 actos
1085 3648 1156 3694 esse
1185 3635 1434 3708 consentaneum

293 3729 342 3796 sit
387 3729 501 3818 Neque
523 3732 595 3817 ipsa
618 3731 766 3798 vocabuli
788 3732 890 3818 κυρίας
912 3732 1001 3796 notio
1023 3732 1133 3816 plures
1155 3732 1259 3816 κυρίας
1276 3732 1433 3816 ἐκκλησίας

292 3834 359 3919 pati
381 3834 518 3902 videtur.

397 3938 470 4014 Qua
490 3939 522 4004 in
550 3961 585 4006 re
614 3939 797 4020 commode,
832 3940 866 4004 ni
896 3939 1005 4021 fallor,
1025 3945 1165 4006 ‘utenmr
1194 3940 1434 4024 comparatione

292 4040 441 4124 tribuum,
466 4050 500 4108 et
532 4063 707 4129 pagorum,
749 4043 887 4129 denique
921 4043 1145 4109 sodaliciorum
1178 4065 1261 4129 quae
1295 4043 1432 4110 Athenis

292 4145 453 4230 permulta
473 4146 612 4214 luerunt.
656 4147 706 4212 Ea
727 4147 769 4212 ad
792 4148 975 4234 exemplum
1004 4147 1190 4214 contionum
1213 4147 1349 4211 civitatis
1372 4166 1432 4212 sua

296 4303 500 4318 ...Ψ-..μ-

379 4372 389 4408 ¹
408 4369 444 4424 oi.
462 4370 495 4426 K.
514 4371 544 4422 F.
563 4371 702 4424 Hermann
726 4371 816 4440 Antiq.
837 4371 895 4438 1²5
917 4371 997 4436 lta..
