3276 4932
644 430 688 440 -
735 393 798 478 [sc]
846 431 887 440 -
1312 395 1329 456 r

199 581 367 667 irrepsisse
389 589 519 668 propter
532 589 636 649 certes
651 581 806 667 quasdam
829 583 953 649 litteras
969 602 1068 668 saepe
1083 582 1166 648 inter
1188 603 1224 650 se
1246 601 1333 649 eom-

201 692 350 752 mutatas.
395 685 489 752 Unde
511 685 591 752 satis
613 692 748 774 apparet
770 707 826 753 eus
848 686 882 752 in
904 685 1078 772 archetypo
1099 694 1166 754 tam
1188 687 1335 754 similiter

199 790 336 875 scriptas
352 789 468 872 fuisse,
496 797 531 856 ut
544 789 695 857 librarius
712 789 808 857 facile
823 791 920 872 aliem
942 811 999 876 pro
1015 787 1081 856 alia
1095 791 1227 875 legeret.
1266 791 1333 858 Ita-

200 913 262 978 quc
284 893 344 960 hoc
366 893 456 960 uberi
478 893 628 964 vitiorum
650 894 736 961 fonte
759 895 938 961 accuratius
960 893 1086 979 cognito
1107 895 1224 961 multos
1246 895 1333 962 locos

200 997 363 1064 emendari
379 1016 474 1082 posse
488 1005 734 1064 consentaneum
753 1005 803 1065 est
825 997 879 1082 qui
900 997 1006 1065 adhue
1022 998 1182 1065 medicina
1202 1005 1331 1082 egeant.

286 1103 408 1168 Monuit
428 1101 527 1186 igitur
549 1101 587 1169 Ο.
606 1103 740 1170 Mueller
761 1102 795 1168 in
814 1103 965 1170 editionis
987 1123 1008 1169 a
1029 1123 1065 1170 se
1087 1109 1217 1170 curatae
1240 1123 1335 1188 prac-

201 1205 258 1272 fut.
284 1227 315 1292 p.
341 1205 437 1271 XXII
473 1205 630 1273 eiusmodi
665 1207 849 1273 cliterarum
879 1207 1155 1290 commutationes,
1188 1205 1335 1293 quaein

200 1310 292 1376 libris
313 1311 431 1376 nostris
453 1310 644 1396 saepissime
666 1311 875 1396 reperientur,
902 1330 973 1377 esse
994 1311 1078 1378 inter
1101 1319 1113 1376 t
1136 1315 1168 1378 et
1185 1336 1211 1392 c,
1239 1311 1335 1378 etiam

201 1415 284 1481 inter
306 1423 318 1479 t
340 1415 417 1492 etl,
442 1415 564 1481 intere
587 1421 668 1500 etp,
696 1414 779 1480 iuter
801 1415 815 1478 l
836 1415 1004 1499 etiatque
1027 1421 1039 1479 l
1061 1419 1093 1481 ct
1114 1413 1136 1496 i,
1162 1414 1245 1481 inter
1266 1437 1286 1476 n
1304 1421 1337 1480 et

202 1542 233 1598 u,
259 1519 341 1586 inter
363 1541 394 1582 m
416 1525 449 1584 et
470 1519 504 1582 ic
526 1519 578 1585 vel
601 1518 634 1582 iu
656 1525 751 1602 atque
773 1541 816 1582 ou
831 1517 930 1596 elmi,
956 1517 1039 1584 inter
1060 1525 1145 1585 acet
1166 1542 1191 1599 c,
1218 1517 1337 1584 intera

202 1631 235 1690 et
256 1647 287 1700 u,
313 1623 396 1690 iuter
417 1623 444 1686 ii
464 1629 496 1690 et
517 1645 548 1702 u,
573 1623 657 1690 inter
679 1625 808 1689 oete«
852 1623 922 1701 Quo
944 1623 1015 1690 loco
1036 1623 1173 1689 Mueller
1194 1621 1274 1688 vitia
1295 1643 1336 1689 ex

201 1727 326 1809 eloquio
349 1727 475 1811 vulgari
499 1735 568 1793 orta
590 1745 662 1794 cum
684 1725 771 1793 vitiis
787 1747 805 1793 e
823 1727 1000 1794 litterarum
1021 1725 1231 1793 similitudine
1252 1726 1337 1792 natis

203 1829 410 1896 commiscuit.

287 1933 421 1999 Praeter
443 1934 502 1999 hus
525 1951 605 2016 quus
627 1931 762 2000 Mueller
783 1933 916 2019 protulit
933 1931 1030 2000 ctiam
1052 1931 1137 1999 eliae
1159 1933 1337 1999 litterarum

202 2037 466 2105 commutationes
490 2037 621 2122 saepius
643 2035 677 2102 in
699 2037 750 2102 hie
773 2037 863 2103 libris
886 2043 1069 2118 occurrunt,
1102 2057 1235 2120 quarum
1258 2057 1338 2103 uon-

202 2142 293 2206 nulla
323 2141 421 2207 liceat
448 2141 597 2224 exempla
626 2161 825 2226 componere.
874 2141 979 2226 Atque
1007 2139 1114 2208 statim
1136 2141 1170 2207 in
1192 2141 1232 2207 iis
1254 2161 1338 2226 quae

203 2253 379 2328 sequuntur
409 2245 527 2329 ubique
556 2244 598 2310 cd
620 2243 739 2312 codicis
762 2245 937 2330 scripturas
960 2243 1121 2310 inclinatae
1142 2244 1259 2312 litteris
1281 2263 1340 2310 no-

202 2355 289 2416 tatas
311 2349 492 2415 adscribam
515 2368 556 2415 ea
578 2367 660 2432 quae
682 2347 754 2433 ipse
776 2350 877 2415 Varro
908 2348 1075 2433 scripsisse
1097 2348 1234 2416 videtur,
1280 2347 1340 2414 His

203 2452 341 2519 traditae
364 2451 511 2518 lectionis
533 2449 797 2536 correctionibus,
823 2452 886 2518 uisi
907 2452 941 2518 in
963 2451 1137 2518 editionum
1160 2457 1339 2518 contextum

204 2563 237 2622 et
258 2576 278 2621 a
301 2555 475 2641 Spengelio
498 2562 531 2621 ot
553 2577 574 2621 a
595 2555 752 2622 Mucllcro
782 2577 840 2641 pro
863 2557 958 2622 certis
982 2563 1131 2642 receptae
1160 2563 1250 2639 sunt,
1283 2577 1340 2622 no

205 2660 293 2725 mina
306 2659 425 2725 addam
440 2667 614 2743 auctorum,
641 2679 682 2726 ea
696 2665 814 2744 autem,
840 2681 924 2745 quae
942 2661 1014 2746 ipse
1029 2659 1161 2743 conieci,
1187 2657 1341 2726 asterisco

205 2765 333 2830 notabo.
381 2763 530 2830 Ceterum
558 2783 621 2828 non
650 2763 791 2830 alienum
821 2764 925 2830 visum
955 2769 1004 2830 est
1031 2763 1187 2830 eiusmodi
1215 2783 1341 2847 quoque

206 2868 355 2951 exempla
376 2867 510 2949 afferre,
542 2866 575 2932 in
598 2867 714 2950 quibus
735 2867 807 2954 ipse
833 2867 984 2934 librarius
1006 2887 1113 2934 errore
1135 2885 1193 2933 suo
1216 2865 1342 2950 cognito

206 2977 326 3038 rectam
350 2971 539 3055 scripturam
562 2969 710 3038 restituit.

291 3075 399 3141 Habes
422 3096 498 3160 ergo
521 3081 717 3161 permutatas
739 3075 754 3138 i
773 3081 807 3141 et
827 3097 849 3138 u
871 3075 994 3142 litteras
1010 3095 1039 3140 e.
1058 3095 1090 3159 g.
1115 3073 1150 3139 iu
1171 3073 1223 3140 hie
1238 3073 1333 3140 locis:

207 3183 315 3263 306‚r
338 3179 414 3244 locri
777 3179 867 3244 locus

206 3285 279 3365 307,
300 3295 315 3344 7
338 3283 384 3346 ibi
779 3281 833 3347 ubi
860 3281 1022 3367 (Spengel)

340 3385 459 3449 colludi
775 3383 897 3451 collidit
922 3385 1077 3472 (Mueller)

208 3492 281 3572 390,
301 3501 316 3550 :t
339 3489 434 3554 solito
777 3489 882 3554 soluta

206 3596 280 3675 447,
300 3605 316 3654 6
339 3592 536 3656 albuseamua
563 3591 665 3674 (cort.)
778 3591 973 3657 albissumue

294 3696 432 3762 Litteras
448 3721 469 3760 c
483 3695 544 3762 eti
563 3695 597 3760 iu
619 3695 670 3760 his
693 3695 785 3760 libris
808 3695 891 3761 sicut
911 3695 990 3760 alibi
1012 3713 1112 3778 saepe
1135 3697 1344 3758 commutatas

207 3819 280 3867 csse
302 3800 368 3866 iaru
390 3800 512 3866 monuit
534 3800 571 3866 C.
596 3799 633 3864 F.
659 3799 711 3864 W.
736 3798 871 3864 Mueller
905 3799 1070 3883 [Zeitschr.
1097 3797 1120 3862 f.
1147 3796 1180 3862 d.
1206 3797 1345 3881 Gymn-

207 3906 326 3971 Wesen
349 3903 430 3968 XIX
452 3925 483 3989 p.
511 3905 600 3987 868).
648 3902 726 3968 Eius
749 3903 900 3987 exempla
922 3909 996 3968 sunt
1018 3902 1111 3967 haec:

233 4013 282 4091 16,
302 4019 317 4069 2
340 4007 484 4093 iodrpcre
515 4007 618 4090 (corr.)
777 4005 935 4090 indagare

231 4116 283 4196 61,
302 4125 317 4174 6
342 4109 521 4174 rotimum
780 4108 994 4175 Titiensium*

232 4218 315 4298 77,1
342 4223 460 4279 ceteros
483 4235 581 4298 aquae
779 4212 894 4278 celeris
917 4213 1011 4296 aquis
1115 4279 1119 4286 ,

213 4324 283 4404 112,
303 4331 317 4380 t
342 4318 432 4382 suilli
457 4320 559 4402 (corr.)
781 4317 878 4382 suilla
