3248 4928
602 469 643 478 -
690 433 775 516 [363]
822 472 864 481 —
1259 439 1294 498 51

161 638 256 702 quom
287 619 407 686 similia
429 620 567 686 Cosmae
591 623 643 688 vel
665 622 774 688 Nonni
798 625 905 710 capito
927 623 1059 706 eiusque
1083 624 1130 689 rei
1152 625 1302 710 exempla
1432 677 1436 685 ,

161 725 315 789 nonnulla
338 723 485 791 exhibet:

245 849 278 913 p.
307 831 367 892 196
401 828 481 914 περὶ
514 834 575 893 τοῦ
607 825 722 894 πάντα
752 833 931 914 γινομένου
954 855 983 894 κ.
1010 854 1038 894 τ.
1065 830 1094 893 1.
1125 830 1159 896 in
1192 832 1300 898 verbis

160 931 355 1016 λέγεται-
385 953 418 1017 p.
447 934 506 995 197
542 929 747 1013 ἐξοχώτατος
780 930 864 1010 θεός
897 933 997 998 multo
1031 951 1103 1000 esse
1137 935 1301 1002 verbosio-

160 1055 226 1100 rem
258 1035 336 1100 dioit
358 1035 459 1100 Flaoh
481 1023 659 1101 Eudooiam
685 1057 780 1121 quam
803 1037 952 1103 Nonnum
975 1037 1008 1102 ll
1031 1040 1083 1102 29.
1130 1038 1172 1102 Et
1194 1045 1244 1104 est
1267 1060 1299 1105 re

161 1157 238 1202 vera
260 1137 434 1204 verbosior.
474 1138 587 1222 Neque
610 1159 685 1205 uero
708 1159 746 1204 eo
769 1139 810 1205 de
833 1140 937 1226 eapite
952 1139 1098 1205 Eudooia
1117 1159 1176 1206 sua
1192 1161 1301 1227 sump-

161 1241 220 1321 sit,
258 1241 316 1308 sed
345 1242 499 1308 eNonno
523 1243 537 1307 l
560 1245 617 1321 91;
656 1242 811 1308 eNonno
833 1243 866 1308 Il
889 1246 929 1306 29
953 1243 1024 1308 sola
1045 1244 1145 1310 verba
1169 1238 1186 1309 ὁ
1211 1239 1298 1330 παρ’

161 1337 318 1432 Ἕλλησιν
334 1342 539 1427 ἐξοχώτατος
553 1343 638 1422 θεός
654 1345 862 1432 deprompsit.
888 1346 1025 1429 Reliqua
1039 1347 1139 1430 igitur
1152 1367 1170 1414 e
1186 1348 1301 1414 Nouno

161 1449 243 1531 191,
271 1450 329 1515 sed
352 1450 485 1532 oBillii,
512 1470 574 1515 non
598 1471 616 1516 e
639 1450 825 1516 Monteoutii
846 1456 937 1516 textu
960 1450 1066 1532 habet,
1092 1450 1127 1516 id
1149 1451 1234 1535 quod
1248 1453 1300 1518 vel

159 1553 271 1619 titulus
294 1553 508 1620 demonstrat:
534 1555 615 1640 περὶ
637 1551 721 1630 Διὸς
743 1550 858 1619 πάντα
881 1557 1060 1638 γινομένου
1081 1554 1193 1638 Mont.‚
1221 1557 1301 1641 περὶ

159 1663 221 1722 τοῦ
236 1655 350 1723 πάντα
365 1682 429 1743 μιν.
449 1655 518 1723 διὰ
533 1653 607 1733 τὰς
624 1669 832 1741 γυναῖκας
848 1657 945 1739 uun,
966 1657 1037 1722 »De
1053 1676 1090 1722 eo
1106 1657 1161 1740 qui
1176 1679 1300 1743 prop-

161 1766 222 1826 ter
243 1760 420 1827 feminas
442 1761 571 1844 quidvis
589 1759 746 1828 efficitur«
770 1761 845 1825 Bill.
886 1761 967 1824 Tum
985 1756 1090 1824 πάλιν
1105 1767 1228 1846 ταῦρος
1244 1785 1299 1846 ys-

158 1861 301 1946 νόμενος
324 1861 385 1951 τὴν
406 1861 597 1952 Πασιφάην
620 1861 835 1950 ἐσόρνεοσεν,
861 1863 948 1947 quod
970 1863 1068 1928 habet
1089 1864 1200 1946 Mont„
1228 1885 1299 1930 oum

161 1967 257 2033 Billio
280 1967 397 2034 omittit
419 1968 501 2034 Eud.

247 2071 398 2155 Sequitur
420 2093 452 2157 p.
474 2076 533 2136 198
558 2065 680 2147 &Zeus
702 2071 836 2156 λέγεται
859 2068 895 2136 ἐν
912 2066 1025 2156 Κρήτῃ
1047 2109 1091 2118 -
1113 2072 1170 2134 καὶ
1193 2083 1301 2136 κεῖσαι

162 2172 198 2238 ἐν
221 2171 346 2262 Κρήτῃ.
386 2175 476 2253 Quae
499 2195 603 2260 paene
626 2174 824 2240 adverbum
848 2174 1115 2240 eNonn01130
1139 2174 1300 2261 descripta

161 2285 236 2344 sunt
256 2299 361 2362 neque
383 2279 508 2362 plenior
530 2279 590 2345 hoo
604 2279 711 2344 Nonni
734 2279 804 2343 looo
827 2284 877 2343 est
892 2277 1036 2343 Eudooia
1058 2277 1090 2342 in
1113 2285 1214 2344 textu.
1262 2280 1299 2343 ln

160 2383 304 2465 margine
334 2389 441 2446 autem
470 2382 552 2447 haee
574 2380 739 2466 adpinxir:
772 2381 914 2466 καὶγὰρ
939 2375 1042 2457 αὐτὸς
1062 2419 1106 2428 -
1129 2379 1299 2468 συγγράμ-

160 2507 281 2567 μασιν,
319 2505 337 2550 e
365 2483 468 2566 (Suro.
492 2485 515 2550 i.
542 2505 572 2550 v.
599 2486 715 2571 σῖμος)
743 2485 845 2550 Phnv.
875 2489 971 2565 1501,
1009 2505 1093 2568 quoe
1118 2485 1217 2550 verba
1239 2486 1300 2550 im-

161 2589 273 2654 merito
296 2609 314 2655 e
338 2589 372 2653 S.
399 2587 545 2672 Gregorii
568 2588 689 2654 soholio
711 2588 884 2672 integriore
906 2587 1023 2672 repetit
1043 2587 1156 2652 Flaoh.

246 2695 281 2758 P.
309 2696 369 2757 274
395 2694 563 2776 περὶτῶν
584 2698 797 2758 Λακωνικῶν
820 2688 970 2778 ἐφήβων.
1013 2690 1085 2756 Duo
1108 2698 1182 2756 sunt
1204 2691 1299 2757 huius

160 2797 290 2880 glossae
312 2796 428 2878 fontes,
456 2796 538 2862 alter
559 2795 711 2878 ineditus,
738 2795 844 2860 editus
859 2795 942 2860 alter
956 2795 1091 2859 Nonnus
1106 2794 1121 2856 l
1137 2797 1188 2858 58.
1230 2796 1299 2860 Ηοο

161 2920 179 2964 e
202 2899 288 2967 fonte
312 2899 477 2965 derivatus
501 2905 552 2964 est
574 2898 682 2963 exitus
706 2892 1060 2974 transmissiones.
1087 2921 1115 2960 τ.
1142 2898 1172 2962 t.
1209 2898 1299 2962 Prio-

160 3004 205 3068 ris
227 3003 328 3088 partis
351 3003 470 3068 iontem
495 3021 566 3068 esse
590 3003 739 3067 Nonnum
762 3001 805 3067 ed
829 3001 862 3066 S.
889 3002 1011 3066 lumina
1033 3000 1112 3064 satis
1136 3000 1300 3066 luoulente

160 3107 264 3172 habeo
287 3107 419 3172 indicia.
467 3107 601 3189 Legitur
627 3107 711 3172 enim
733 3105 767 3170 in
790 3125 830 3170 ee
852 3105 994 3169 oratione
1022 3102 1118 3188 (apud
1142 3103 1298 3184 Mignium

161 3231 192 3294 p.
212 3214 283 3294 337)
311 3215 525 3274 Λακωνικῶν
541 3207 680 3296 ἐφήβων
696 3204 884 3290 ἐπιβώμιον
900 3203 984 3288 αἷμα
1001 3207 1210 3288 ξαινομένων
1225 3219 1300 3282 τοῖς

160 3311 298 3397 μάστιξι
316 3339 346 3379 κ.
365 3337 394 3378 τ.
413 3314 456 3394 1.,
483 3333 502 3378 e
524 3313 640 3395 quibus
664 3311 811 3396 Gregorii
833 3311 940 3376 verbis
962 3310 1089 3375 titulum
1113 3310 1237 3390 soholii,
1264 3317 1299 3376 ut

160 3417 251 3499 solet,
278 3417 385 3482 effeoit
407 3417 551 3499 Nonnus,
576 3437 672 3498 quem
694 3416 811 3480 retinet
829 3413 982 3479 Eudooia.
1023 3414 1195 3478 Praeterea
1210 3413 1300 3478 Non-

160 3539 221 3584 nus
250 3519 321 3604 ipse
344 3521 360 3583 Ι
383 3523 423 3584 58
454 3520 495 3584 de
518 3520 678 3584 Laeonum
709 3517 844 3602 ephebis
874 3523 907 3582 et
936 3516 1043 3599 egisse
1071 3515 1123 3598 (of.
1148 3517 1164 3579 l
1191 3521 1239 3598 lt)
1266 3524 1299 3583 et

160 3629 303 3687 asturum
327 3641 399 3688 esse
422 3643 458 3688 se
480 3621 665 3707 pronuntiat
686 3621 752 3686 alio
775 3621 857 3685 loeo.
904 3619 966 3697 Qui
997 3619 1085 3682 loeus
1108 3639 1171 3683 non
1194 3627 1299 3704 potest

160 3745 232 3791 esse
255 3726 318 3790 nisi
340 3727 378 3806 is,
406 3745 500 3808 quem
524 3726 601 3808 dixi,
628 3744 668 3790 ex
690 3724 782 3788 initio
804 3722 958 3788 orationis
973 3722 1005 3786 in
1021 3721 1055 3786 S.
1075 3722 1196 3786 lumino
1211 3743 1298 3788 oom-

160 3829 320 3895 mentarii.
367 3829 483 3894 Omisit
510 3837 616 3894 autern
640 3827 744 3892 Maius
774 3827 807 3892 id
836 3826 981 3891 solrolion
1012 3833 1086 3890 ante
1109 3825 1189 3890 illud
1213 3827 1298 3910 quod

160 3933 305 4017 quintum
328 3933 414 4015 sooit,
442 3933 518 4017 quin
541 3933 654 3998 eadem
678 3931 777 3996 verbo
799 3931 933 3995 Cosmus
955 3929 1053 3994 habet
1075 3928 1116 3992 ad
1139 3949 1237 3994 osrm.
1257 3933 1297 3994 63

165 4041 206 4122 (p.
226 4039 287 4100 508
304 4036 432 4120 Mign.).

246 4141 282 4204 P.
309 4143 370 4203 276
395 4140 481 4204 λέων
503 4161 553 4214 τις
578 4125 617 4224 ἦν
638 4175 679 4185 -
705 4133 854 4222 ἄστροις.
901 4137 959 4217 Ee,
990 4155 1074 4218 quae
1097 4157 1117 4199 11
1140 4137 1210 4201 s'ola
1233 4137 1298 4203 Eu-

159 4245 253 4311 dooia
281 4243 442 4324 exhiberi,
476 4243 592 4307 abesse
622 4243 778 4306 aNonno
801 4241 875 4304 115
906 4239 1006 4305 Flsoh
1030 4239 1092 4322 ait,
1125 4239 1242 4306 Billius
1264 4242 1298 4306 in

159 4368 216 4414 suo
239 4347 415 4432 exemplari
431 4346 522 4430 legit.
563 4345 794 4428 Interpretatur
809 4343 893 4409 enim
909 4343 969 4408 illa
983 4343 1034 4408 his
1049 4343 1172 4408 verbis:
1201 4345 1299 4410 »Pro-

1050 4447 1090 4498 μ
