3226 4932
318 397 359 460 rs
754 433 794 454 „-
843 395 928 480 [aso]
976 433 1020 444 .-

316 585 358 654 ab
374 584 440 654 arsi
455 583 576 676 duplici
590 583 756 668 incipiant.
804 583 985 667 Quaeritur,
1010 605 1073 669 qao
1088 585 1182 654 modo
1197 587 1270 674 ipsa
1285 589 1357 656 eius
1372 590 1464 656 modi

317 689 493 760 carminum
515 688 641 762 initia
662 709 683 756 a
705 687 887 762 accubuo
910 695 1048 760 occiana
1068 689 1150 762 sint:
1176 690 1325 764 nimirum
1341 693 1398 772 ita,
1426 701 1465 760 ut

317 814 348 859 e.
373 813 406 879 g.
431 793 465 862 in
488 791 581 858 initio
603 789 629 858 0
653 792 713 856 VII

599 912 649 944 w
664 933 686 942 -
704 933 726 942 ..
741 896 765 942 .'
780 915 806 944 υ
821 933 844 944 ..
859 895 884 943 Ξ
898 897 922 944 .’

601 994 734 1063 (daddus
756 991 799 1074 ὡς
822 998 854 1064 εἲ
875 1021 926 1076 τις
949 992 1079 1086 ἀφνεᾶς
1105 1049 1111 1061 .
1134 1049 1140 1062 .
1163 1050 1169 1063 .

314 1104 419 1190 prima
434 1101 563 1187 syllaba
575 1102 641 1168 ictu
656 1100 794 1184 insignis
810 1101 891 1168 -lcv
910 1103 1031 1169 leniore
1052 1103 1116 1169 ictu
1140 1103 1336 1188 proferretur
1357 1125 1455 1189 quam

318 1208 447 1293 syllaba
469 1205 509 1289 ei,
536 1225 620 1290 quac
644 1205 748 1270 colum
772 1225 888 1271 novum
911 1207 1087 1274 incubaret.

403 1309 495 1392 Quae
518 1329 588 1375 cum
605 1308 651 1375 ita
666 1309 740 1394 sint,
767 1310 860 1375 certis
876 1311 1034 1396 exemplis
1050 1313 1256 1397 comprobata
1270 1319 1330 1395 est,
1356 1332 1455 1395 quam

315 1414 458 1500 amplexi
480 1432 601 1496 sumus,
627 1431 778 1479 mensura
799 1413 939 1480 colorum
962 1417 1210 1482 acatalectornm
1232 1416 1265 1481 in
1286 1415 1351 1482 fine
1373 1423 1457 1480 stro-

315 1519 463 1604 pharum,
489 1516 545 1582 ubi
566 1536 606 1582 ca
628 1515 766 1581 vidimus
789 1513 1048 1600 frequentissima
1070 1537 1154 1585 esse.
1197 1519 1300 1585 Simul
1322 1538 1454 1586 causam

312 1621 550 1706 intellegimus,
585 1639 640 1685 cur
669 1619 771 1684 forma
800 1621 982 1687 acatalecta
1011 1622 1189 1688 clausulam
1219 1629 1327 1708 aptam
1357 1642 1454 1707 prae-

314 1727 402 1792 beat:
429 1725 528 1790 multo
545 1724 629 1790 enim
652 1723 781 1808 gravior
803 1731 835 1790 et
858 1724 968 1790 fortior
990 1725 1095 1792 exitus
1116 1725 1220 1793 icrnra
1242 1725 1376 1780 -vt-*i
1399 1726 1450 1792 vel

314 1868 336 1876 -
352 1847 403 1878 w
421 1847 447 1883 ι
462 1827 487 1875 Ξ
510 1833 560 1894 est
588 1847 683 1912 quarn
707 1863 728 1872 -
745 1844 770 1874 v
784 1827 808 1873 ἕ
830 1834 864 1894 et
885 1865 907 1874 -·
923 1846 975 1878 w
989 1828 1030 1908 ξ
1063 1830 1152 1896 illarn
1183 1837 1290 1896 autern
1319 1818 1451 1898 mensu-

312 1955 380 2000 ram
410 1932 508 1999 ctiam
536 1931 570 1996 iu
598 1929 713 1996 mediis
743 1931 882 2017 strophis
908 1932 942 1996 in
971 1952 1120 2000 versuum
1151 1933 1214 2000 fine
1236 1933 1354 1999 factm
1377 1952 1450 1999 essa

311 2038 396 2105 infra
418 2036 599 2104 testimonio
622 2034 648 2103 0
671 2037 716 2104 VI
738 2043 794 2102 str.
820 2043 840 2101 4
862 2037 1079 2122 prohabimus.
1433 2097 1440 2112 ,

404 2139 539 2207 Maximi
561 2150 668 2206 autern
691 2139 843 2206 momenti
865 2139 925 2206 hoo
941 2147 999 2223 est,
1026 2142 1111 2224 quod
1126 2141 1279 2208 discimus
1300 2158 1453 2206 versus

311 2247 437 2312 linem
459 2243 649 2334 incidere
671 2263 790 2327 posse
813 2243 853 2309 in
875 2243 1049 2310 medium
1065 2245 1213 2328 colum,
1239 2245 1302 2324 vel,
1326 2244 1449 2309 ntaliis

312 2349 418 2416 verbis
440 2353 583 2428 utamur,
615 2347 708 2412 cola
736 2344 946 2412 dissecari
977 2367 1100 2431 posse
1124 2367 1314 2428 caesura,
1347 2365 1451 2429 qua-

311 2473 399 2519 cum
436 2450 659 2517 coniuncta
697 2455 791 2516 sunt
827 2450 967 2515 hiatus
1004 2457 1043 2516 et
1080 2451 1248 2535 syllaba
1281 2471 1449 2537 anceps.

309 2556 404 2624 Unde
433 2560 519 2620 certo
548 2553 770 2638 cognoscimus
799 2573 948 2619 versuum
978 2561 1134 2619 naturam.
1190 2555 1228 2620 In
1257 2553 1321 2620 fine
1347 2554 1449 2640 igitur

311 2679 423 2727 versus
445 2679 549 2744 pansa
571 2657 616 2740 fit,
641 2676 702 2724 nec
723 2657 827 2723 minor
849 2678 945 2741 quarn
967 2665 1002 2727 ut
1024 2658 1170 2724 ultimum
1192 2657 1306 2745 prioris
1328 2665 1361 2724 et
1383 2659 1450 2744 pri-

310 2783 396 2828 mum
419 2761 552 2828 alterius
574 2780 686 2827 versus
709 2761 899 2827 vocabulum
915 2761 1148 2846 disiungantur,
1175 2763 1252 2846 quia
1265 2763 1373 2828 hiatus
1388 2761 1450 2827 ad-

310 2865 454 2946 mittitur,
480 2885 540 2931 nec
562 2865 663 2930 maior
685 2885 782 2948 quam
804 2873 840 2930 ut
861 2865 1002 2951 rhythmi
1024 2872 1057 2932 et
1079 2865 1258 2932 sententiae
1281 2865 1451 2932 continua-

309 2968 353 3034 tio
376 2968 417 3033 ab
440 2969 586 3034 auditore
608 2967 719 3034 sentiri
735 2967 849 3052 possit.
889 2967 986 3046 Quod
999 2977 1106 3034 autern
1121 2969 1225 3036 exitus
1237 2969 1451 3055 imperfectus

309 3071 463 3152 evitatur,
497 3091 537 3136 ea
558 3088 594 3135 re
616 3070 852 3137 demonstratur
873 3072 1017 3138 ultimam
1045 3071 1205 3157 syllabam
1227 3091 1341 3139 versus
1363 3093 1449 3158 pau-

309 3175 410 3240 lulum
433 3181 598 3240 extensam
622 3193 710 3257 asse,
745 3175 867 3242 scilicet
888 3175 1007 3242 factum
1030 3195 1102 3242 esse
1131 3175 1217 3260 quod
1244 3195 1303 3242 nos
1331 3175 1446 3244 italico

308 3277 435 3342 nomine
455 3276 665 3342 »formatam«
687 3279 889 3362 appellamus
916 3278 969 3361 (cf.
994 3277 1010 3343 I
1032 3277 1049 3362 §
1073 3278 1119 3360 8).

395 3391 553 3458 Remanct
574 3390 737 3473 quaestio,
763 3411 839 3458 num
860 3389 1029 3474 dhsectio,
1055 3409 1152 3473 quam
1174 3391 1207 3458 ln
1230 3391 1310 3460 colis
1332 3391 1451 3476 dacty-

305 3493 377 3561 licis
398 3493 545 3560 acciderc
567 3494 784 3578 cognovimus,
810 3494 844 3560 in
866 3493 1003 3580 epitritis
1024 3493 1095 3562 lieri
1116 3493 1228 3579 possit.
1274 3493 1375 3564 Cuius
1398 3497 1448 3564 rci

304 3619 402 3665 unum
426 3596 484 3664 sed
504 3595 630 3664 firmum
652 3597 867 3666 testimonium
890 3604 979 3665 extat
1001 3595 1028 3664 0
1050 3598 1094 3668 VI
1117 3605 1173 3664 str.
1199 3603 1236 3662 5:

401 3687 1260 3773 -Lv--.'w-w-uh.'‘lv.....v--.'.

303 3822 359 3888 ubi
381 3841 453 3888 cum
475 3821 539 3888 sint
552 3823 605 3902 21,
625 3821 683 3904 th,
702 3825 762 3907 ip,
782 3821 856 3905 ihr,
880 3822 951 3904 lih,
976 3820 1093 3888 divisio
1108 3839 1259 3888 remunm
1275 3830 1361 3888 certa
1376 3833 1441 3891 cst.

389 3933 544 4019 Tripodia
565 3933 665 4018 igitur
686 3933 846 4020 dactylica
866 3934 901 4000 in
923 3935 1109 4000 trochaeum
1131 3935 1198 4000 exit
1212 3954 1343 4020 prorsus
1359 3937 1444 4002 sicut

302 4037 415 4102 eodem
438 4055 551 4103 versus
574 4038 644 4103 loco
666 4037 869 4104 ditrochaeus
890 4057 949 4122 pro
972 4037 1098 4122 epitrito
1114 4038 1240 4123 positus
1254 4037 1346 4104 cstN
1363 4041 1442 4106 vm

303 4158 356 4224 ep.
372 4143 406 4204 7.
453 4139 555 4206 Simul
578 4141 630 4207 hic
651 4159 733 4207 unus
754 4160 867 4207 versus
889 4148 949 4222 est,
975 4141 1030 4224 qui
1051 4141 1085 4206 in
1107 4141 1302 4208 carminibus
1323 4141 1444 4210 doricis

300 4242 432 4308 Pindari
455 4242 496 4308 ab
519 4243 584 4310 arsi
606 4251 789 4311 constanter
810 4244 898 4311 brevi
920 4245 1062 4330 incipiat.
