3274 4934
743 361 959 424 ..38-

285 551 359 612 sunt
374 545 578 612 reicerentur.
625 547 709 614 Nam
733 549 869 634 primum
891 549 1021 632 quidem
1048 549 1132 632 quod
1154 549 1269 615 Kaibel
1296 548 1423 614 initium

284 649 440 716 restituit:
474 644 534 717 οὐκ
558 644 724 740 ἆκάρηνος
747 651 832 739 ἔφυς
855 649 915 719 τὸν
937 647 989 719 dei
1012 651 1150 740 χρόνον,
1185 647 1261 718 ἀλλ’
1293 653 1343 718 ἔτι
1365 654 1421 716 καὶ

283 760 345 820 νῦν
367 759 521 840 Μέμνων
542 795 584 804 -
607 760 808 843 προσοϋνεῑ,
842 749 947 840 ireque
969 759 1194 843 supplementa
1215 779 1245 822 v.
1271 763 1279 820 1
1306 756 1423 822 litteris

283 857 409 924 traditis
444 859 508 946 ullo
541 859 635 925 modo
668 860 946 942 commendantur,
983 881 1087 946 neque
1121 873 1308 946 προσαυτεῑ
1339 865 1422 926 teste

284 961 401 1048 Lepsio
427 962 523 1028 scribi
552 969 673 1048 potest,
710 984 766 1049 pro
789 985 853 1047 qua
874 983 952 1031 voce
983 965 1137 1031 Francius
1164 985 1240 1031 vere
1270 959 1423 1050 προσάν-

287 1085 346 1130 σεν
374 1073 570 1150 reposuerat.
619 1067 781 1132 Vocabulo
809 1074 916 1134 autem
952 1067 1037 1153 quod
1074 1068 1235 1134 antecedit
1263 1068 1296 1132 in
1325 1063 1421 1130 010!

285 1175 342 1234 aut
362 1164 477 1232 OYCi
510 1175 647 1235 exeunte
677 1189 748 1235 cum
778 1171 916 1236 Francii·
933 1178 965 1237 et
994 1171 1133 1238 Kaibelii
1167 1171 1423 1257 supplementum

290 1271 530 1358 ἐπερχομένοις
552 1292 614 1337 non
637 1273 822 1358 conveniat,
850 1269 1022 1360 ἀπείροισι
1047 1274 1256 1352 coniecimus3
1283 1275 1358 1340 licet
1379 1274 1427 1340 ita

290 1393 403 1441 versus
424 1376 521 1459 paulo
543 1375 727 1460 impeditius
742 1377 831 1443 fluat.
871 1379 921 1444 De
936 1377 1030 1444 huius
1046 1397 1158 1444 versus
1176 1378 1335 1444 sententia
1349 1399 1426 1444 oon-

286 1484 367 1544 stat:
404 1477 439 1543 id
466 1497 542 1544 vero
568 1477 699 1545 dubium
728 1501 790 1564 quo
820 1482 914 1547 modo
944 1501 1056 1547 versus
1087 1482 1168 1548 alter
1197 1482 1282 1546 male
1313 1501 1424 1546 serva-

286 1589 338 1648 tus
371 1581 553 1666 iungendus
587 1582 638 1649 sit.
700 1585 855 1651 Francius
888 1585 1016 1669 quidem
1050 1607 1121 1652 cum
1155 1585 1324 1652 scriberet:
1364 1579 1424 1650 οὐκ

287 1679 453 1773 ἆκάρηνος
487 1683 551 1751 ἐών
587 1679 668 1751 ποτ’
710 1681 795 1766 ἅναξ
828 1683 868 1753 οὐ
897 1699 991 1754 τοῖον
1018 1681 1111 1754 ἀντεῖ
1140 1693 1307 1772 Μέμνων·
1346 1681 1426 1775 ἡμε-

287 1793 341 1876 ρίη
372 1788 408 1854 δὲ
430 1783 502 1854 τότ’
530 1782 652 1876 ἆντολῇ
675 1784 800 1877 ἠελίοιο
824 1829 865 1838 -
890 1789 1100 1876 προσάυσεν,
1128 1791 1345 1877 particularis
1373 1792 1425 1856 in-

287 1895 413 1960 culcata
434 1893 608 1979 respiciens
631 1894 803 1961 'Irebullae
827 1916 955 1962 carmen
981 1897 1092 1979 [Kaib.
1121 1918 1153 1961 n.
1184 1897 1281 1980 1003]
1312 1915 1426 1961 versus

288 1996 379 2062 adid
395 2003 541 2082 spectare
564 2003 690 2082 tempus
712 1998 837 2082 putavit
858 2019 920 2081 quo
936 2000 1083 2065 Memnon
1100 1999 1196 2064 etiam
1218 2005 1285 2064 turn
1300 2000 1427 2082 integer

290 2119 352 2166 non
369 2101 471 2166 solum
487 2119 598 2166 sonum
622 2097 778 2167 edidisset
800 2101 973 2168 sedetiam
996 2103 1096 2168 verba
1118 2102 1265 2168 distincte
1287 2123 1428 2187 pronun-

287 2204 412 2270 tiasset.
465 2203 530 2270 Sed
551 2203 700 2288 quoniam
716 2225 745 2269 v.
769 2211 779 2268 1
808 2198 867 2270 οὐκ
891 2199 944 2269 dx.
971 2199 1020 2290 ἄρ’
1047 2204 1137 2270 toccu
1158 2205 1330 2289 legendum
1353 2225 1428 2270 esso

287 2307 461 2374 verisimile
484 2315 550 2391 est,
583 2307 724 2374 Kaibelii
745 2310 971 2394 supplementa
1002 2303 1189 2396 ἡμερίοισιν
1217 2302 1271 2391 ἅμ’
1304 2301 1428 2393 ducatu]

289 2432 331 2478 ex
357 2417 449 2498 parte
472 2417 600 2478 secutus
623 2411 751 2496 reposui
772 2405 909 2499 ἡμερινῇ
933 2410 995 2498 γὰρ
1020 2405 1071 2477 ἐπ’
1097 2405 1230 2496 ἆνιολῇ.
1260 2412 1380 2477 Auctor·
1394 2411 1428 2476 ni

289 2517 393 2598 fallor,
413 2516 497 2582 hano
512 2515 671 2600 expressit
685 2515 892 2582 senteutiam:
911 2515 987 2582 licet
1001 2515 1178 2582 mutilatum
1197 2515 1238 2582 sit
1248 2515 1430 2581 Memnonis

292 2628 404 2707 capsur,
435 2628 543 2686 tamen
566 2640 676 2686 vocem
697 2640 761 2685 uon
783 2619 939 2704 perdidit;
966 2641 1040 2685 nam
1064 2637 1292 2703 saepenumero
1314 2639 1428 2684 sonum

290 2723 408 2798 edidit;
438 2723 472 2788 id
491 2724 578 2807 quod
604 2724 773 2789 multorum
795 2723 978 2788 testimonia
1001 2722 1197 2787 arnfinnam.
1248 2721 1431 2800 (νισιιίζων

289 2829 388 2913 igitur
420 2827 608 2914 simpliciter
637 2827 679 2892 ad
706 2827 893 2892 soliemnem
930 2827 1105 2891 Memnonis
1138 2826 1292 2910 crepitum
1325 2825 1429 2895 resero

290 2953 361 2998 oum
388 2931 546 2998 Kaibelio.

377 3037 445 3101 Iam
462 3057 536 3102 vero
551 3035 585 3100 in
600 3042 690 3120 parte
707 3033 880 3119 posteriore
900 3033 1107 3097 multifariam
1124 3033 1273 3098 mutilata
1289 3032 1430 3098 inanime

293 3141 334 3206 de
351 3160 435 3206 nexu
451 3138 644 3204 coniunctivi
662 3135 818 3219 οἴχωνται
836 3158 866 3201 ν,
880 3141 910 3218 6,
929 3157 1022 3219 quem
1042 3136 1154 3200 Kaibcl
1168 3135 1284 3200 iniuria
1300 3135 1332 3199 iu
1348 3133 1433 3199 indi-

292 3243 432 3310 cativum
448 3243 593 3323 mutavit,
619 3241 821 3324 ambigimus.
857 3241 940 3306 Nam
958 3247 1084 3304 rectene
1100 3238 1254 3303 Francius
1270 3259 1340 3303 cum
1357 3258 1432 3302 vcr-

294 3367 350 3414 sus
365 3347 547 3414 restitueret
562 3345 597 3412 ἒκ
622 3345 734 3433 πάσης
757 3342 906 3424 πόλεως,
932 3342 988 3408 ἵνα
1011 3347 1112 3428 θείην
1134 3335 1270 3428 κληδόν’
1297 3339 1432 3422 ἔχοντες

294 3453 326 3518 οἱ
347 3453 411 3537 μὲν
434 3449 654 3535 ἐπιστάμενοι
676 3454 802 3536 σοφίην
823 3448 880 3512 καὶ
902 3443 1138 3530 θαυμάζοντες
1161 3443 1321 3526 οἴχωνται
1335 3483 1351 3493 -
1366 3483 1382 3492 -
1399 3445 1433 3508 οἱ

294 3557 331 3624 δέ
345 3595 363 3608 -
377 3595 410 3640 -,
436 3555 565 3622 duxerit
579 3555 678 3620 verba
692 3552 749 3620 ica
766 3551 925 3634 οἴχωνται
948 3571 988 3616 ex
1007 3550 1046 3615 iis
1062 3569 1145 3632 qnae
1161 3554 1336 3632 sequuntur
1350 3569 1432 3632 pcn-

294 3661 389 3744 dere,
415 3679 544 3746 prorsus
567 3659 722 3725 incertum
743 3663 803 3722 est.
849 3655 899 3721 De
921 3653 1058 3738 singulis
1081 3658 1205 3718 constat
1218 3651 1346 3716 Francii
1366 3649 1434 3716 πό-

294 3765 378 3840 λεως
404 3763 481 3830 serri
506 3783 570 3828 uon
596 3781 708 3846 posse:
747 3766 802 3825 aut
833 3759 918 3825 enim
946 3755 981 3822 ἐκ
1016 3752 1126 3842 ιιάσης
1159 3759 1255 3841 γαίης
1281 3761 1337 3820 aut
1360 3775 1433 3820 cum

294 3868 445 3934 Kaibelio
473 3865 509 3932 ἐκ
536 3891 574 3930 ιι.
603 3864 666 3952 γὰρ
694 3872 753 3951 γῆς
783 3862 987 3929 scribendum
1021 3867 1080 3926 est.
1120 3858 1273 3924 Eiusdem
1300 3859 1433 3943 supple-

294 3979 402 4040 menta
417 3970 475 4036 ἐπὶ
492 3969 507 4036 ἕ
524 3967 728 4044 σπεύδοντες
742 3987 856 4033 vereor
871 3973 906 4032 ut
919 3966 1066 4047 cuiquam
1083 3961 1271 4046 placuerint.
1289 3999 1332 4008 -
1354 3963 1390 4027 V.
1412 3969 1431 4027 5

295 4097 352 4162 pro
367 4073 591 4157 ἐπευξάμενοι
602 4073 688 4156 quod
701 4071 921 4158 proposuimus
934 4068 1050 4134 Kaibel
1061 4065 1270 4151 verbaspatio
1279 4085 1344 4130 non
1355 4086 1433 4132 con-

296 4199 378 4262 grua
394 4176 547 4265 ἐπήρανο
564 4176 761 4259 δεχνύμενοι
776 4174 920 4241 insemit.
931 4209 973 4223 -
989 4173 1027 4237 V.
1040 4175 1058 4234 6
1074 4171 1107 4235 in
1123 4170 1185 4235 fine
1200 4167 1347 4234 litteraO
1358 4179 1434 4234 ante

295 4279 557 4348 TYXONTOC
570 4279 753 4346 traditahoc
762 4279 831 4342 loco
839 4277 1022 4364 genetivum
1031 4275 1063 4340 in
1071 4297 1141 4340 -oco
1149 4279 1319 4339 exeuntem
1331 4272 1434 4339 fuisse
