3274 4934
327 396 367 454 er
763 433 804 441 -
853 399 937 480 troo}
985 435 1027 444 -

331 581 411 651 Cum
426 585 542 669 quibus
557 583 599 650 oi.
618 583 771 649 Mittbet'l.
790 583 822 648 11
839 587 917 648 213:
942 582 1089 668 [ἑλέσθαι
1108 585 1145 652 δέ
1161 589 1336 672 replendam
1352 580 1480 654 αὐτίκα

329 685 420 770 μάλα
436 684 496 774 τὴν
517 684 644 772 βουλὴν
662 685 743 752 δέκα
765 680 891 772 ἄνδρας
908 737 915 752 .
938 737 944 752 .
967 739 973 751 .
1001 685 1123 765 οἵτινες
1137 683 1380 777 ἀπολήψονται
1393 687 1478 766 τοὺς

329 785 450 878 ὅρκους
479 787 576 876 παρὰ
595 783 797 875 Ἐρετριέων.
818 827 859 838 -
882 790 919 858 Ο.
937 791 965 856 1.
983 793 1022 857 A.
1041 791 1074 856 11
1096 796 1137 856 52
1160 813 1191 859 v.
1211 797 1252 858 30
1275 793 1377 860 habes
1399 792 1476 856 λα-

327 901 422 978 βεῖν
437 894 473 959 δὲ
489 891 550 960 τὸν
566 886 677 980 ὅρκον.
695 929 736 940 -
753 893 928 961 Collocetio
944 896 1113 962 verborum
1129 897 1244 964 similis
1259 904 1309 964 est
1323 896 1360 963 C.
1378 896 1406 960 I.
1424 897 1469 960 A.

327 1000 371 1066 lV
395 1003 473 1079 lla,
499 1018 531 1063 v.
557 1002 598 1062 45
620 1017 711 1080 sqq.:
740 995 861 1074 οἵτινες
890 997 928 1062 δὲ
957 995 1182 1086 έξορκώσανσι
1205 993 1413 1087 ἀφικόμενοι·
1432 994 1471 1073 ἐς

327 1101 483 1167 Χαλκίδα
500 1101 635 1167 ἑλέσθαι
650 1097 710 1166 τὸν
725 1100 832 1188 δῆμον
846 1107 948 1168 πέντε
965 1096 1091 1189 ἄνδρας
1104 1097 1224 1170 αὐτίκα
1235 1101 1336 1186 μάλα.
1359 1101 1469 1168 Etiam

327 1209 478 1274 hocloco
501 1213 670 1290 postquam
699 1204 741 1271 do
771 1205 889 1290 legatis
918 1207 1065 1274 creandis
1094 1215 1200 1276 ectum
1223 1215 1274 1274 est
1294 1205 1403 1273 statim
1425 1202 1471 1270 de

325 1308 708 1396 obsidibus,dccernitur.
734 1346 777 1356 -
800 1309 947 1393 Denique
970 1319 1159 1394 argumento
1182 1310 1292 1376 bcmm
1315 1327 1468 1374 versuum

326 1414 561 1500 comprobatur,
594 1413 629 1477 ni
651 1411 754 1492 fallor,
782 1413 821 1478 fr,
847 1419 962 1498 apost
984 1413 1024 1478 fr.
1050 1415 1069 1480 b
1091 1413 1274 1500 ponendum
1298 1431 1383 1479 esse.

413 1517 629 1583 Bottieeorum
665 1517 775 1583 urbem
805 1517 988 1601 Spartolum
1021 1517 1123 1584 luisse
1151 1516 1373 1584 Thnc.1179
1400 1510 1470 1596 (ἐλ-

327 1619 443 1698 θόντες
459 1620 495 1686 δὲ
510 1613 579 1686 ὑπὸ
596 1617 806 1705 Σπάρτωλον
821 1615 882 1705 τὴν
897 1619 1080 1706 Βοττικήν.
1102 1669 1108 1682 .
1130 1625 1166 1705 .],
1184 1620 1315 1686 Diodor.
1331 1617 1395 1684 ΧΠ
1408 1619 1463 1698 47,

326 1727 480 1812 Harpocr.
506 1743 534 1790 s.
559 1745 589 1790 v.
616 1729 785 1790 testantur.
843 1724 970 1790 Deinde
1005 1744 1075 1790 oum
1108 1743 1165 1809 pro
1198 1721 1370 1802 Bottiacis‚
1411 1719 1467 1802 qui

326 1831 363 1897 O.
389 1830 481 1894 LA.
506 1829 607 1893 1234
638 1827 672 1892 in
709 1827 830 1892 tabulis
866 1828 1054 1911 logistarum
1092 1833 1219 1908 extem,
1259 1828 1318 1889 237
1349 1822 1467 1889 iisdem

325 1943 456 2016 utroque
484 1933 554 1997 loco
587 1931 719 1997 urbibus
749 1931 1016 2016 praecedentibus
1047 1939 1079 1998 et
1101 1931 1308 2016 sequentibus
1331 1945 1466 1994 enume-

325 2045 433 2103 rentur
455 2031 597 2099 Σκώλιαι
619 2041 651 2100 et
670 2032 886 2119 Σπαρτώλιαι
905 2035 969 2118 (qui
996 2035 1224 2120 eThucydide
1238 2052 1364 2116 quoque
1387 2050 1467 2096 con-

323 2143 498 2225 iunguntur
519 2139 546 2203 V
572 2140 626 2202 18:
659 2137 801 2218 Σκῶλος,
822 2133 995 2222 Ὄλυνθος,
1023 2135 1255 2224 Σπάρτωλος),
1281 2134 1465 2202 Kochlerus

328 2243 423 2327 [Urs.
441 2265 473 2305 α.
498 2242 683 2306 Uctcrsuecb.
701 2263 733 2326 p.
749 2245 817 2326 174)
838 2242 1011 2320 arbitratur
1024 2242 1142 2308 Stolios
1157 2260 1284 2324 qnoque
1299 2239 1464 2304 Bottiaeos

325 2347 425 2412 l'uisse
438 2348 472 2430 ¹J..
505 2345 598 2424 Quod
619 2364 695 2410 num
718 2365 828 2410 vorum
852 2345 894 2410 sit
917 2344 1043 2411 dubito:
1072 2349 1131 2410 234
1156 2344 1242 2410 enim
1265 2363 1285 2408 a
1305 2342 1465 2409 Bottiaeis

324 2451 491 2532 ducentae,
518 2451 578 2514 237
603 2468 624 2513 a
645 2447 816 2533 Spartcliis
838 2448 1008 2532 ducentae,
1034 2471 1055 2514 a
1078 2449 1187 2516 storiis
1211 2447 1382 2532 sexaginta
1404 2466 1464 2512 sex

323 2555 496 2620 drachmae
517 2559 551 2618 et
573 2557 722 2634 quattuor
744 2552 830 2618 oboli
852 2571 956 2636 neque
979 2553 1184 2638 cSpartoliis
1206 2572 1270 2618 una
1292 2571 1363 2618 cum
1387 2549 1463 2616 Sto

322 2659 375 2723 liis
398 2657 523 2738 endem,
550 2676 633 2740 qnae
656 2678 676 2721 a
699 2655 864 2736 Bottieois,
891 2675 1016 2722 summa
1039 2657 1183 2722 solvitur.
1215 2655 1315 2720 Immo
1338 2675 1379 2719 cx
1402 2654 1464 2719 hac

322 2781 357 2826 re
385 2759 575 2826 concludam
604 2759 781 2843 Spartolios
814 2766 847 2825 et
875 2759 1038 2828 Bottieeos
1068 2759 1197 2826 eosdem
1226 2758 1464 2842 intellegendos

322 2884 395 2931 esse
423 2863 473 2946 (oi.
498 2862 675 2929 Kirchhoff.
702 2863 739 2929 G.
764 2863 791 2928 1.
817 2864 856 2928 A.
882 2865 897 2928 l
920 2885 952 2950 p.
979 2867 1041 2930 229
1064 2865 1098 2930 in
1120 2864 1251 2947 indice).
1283 2863 1370 2929 Sane
1386 2883 1464 2928 con-

321 2968 399 3034 cedo
430 2968 552 3034 Stolum
585 2967 696 3033 urbem
724 2967 881 3034 Botticam
911 2968 1058 3052 fuisset,
1090 2989 1199 3035 verum
1229 2967 1463 3052 rempublicam

322 3071 539 3136 Bottiaeorum
562 3070 738 3156 Spartolios
772 3090 842 3137 cum
866 3071 934 3137 suis
956 3071 1044 3156 agris
1067 3071 1213 3138 effecisse
1236 3091 1363 3140 censeo.
1411 3071 1465 3136 lta

322 3174 518 3258 explicatur,
554 3173 638 3256 quod
660 3174 693 3240 in
716 3175 809 3241 titulo
823 3176 969 3241 mostrol
986 3178 1027 3240 52
1046 3183 1176 3241 senatus
1198 3181 1231 3242 et
1253 3175 1464 3266 magistratus

329 3271 506 3362 (ἄρχοντες)
527 3277 743 3344 Bottiaeornm
759 3279 874 3360 iurant,
895 3279 1074 3364 complures
1091 3299 1165 3345 vero
1188 3279 1283 3346 urbcs
1306 3285 1341 3344 ut
1363 3297 1463 3344 unam

322 3389 469 3446 senatum
492 3379 649 3448 heberent
668 3382 739 3448 ficri
761 3383 904 3467 potuisse
927 3383 983 3448 illo
1002 3390 1144 3468 tempore
1159 3403 1221 3449 non
1246 3381 1353 3448 credo.
1391 3381 1463 3446 Nec

321 3484 505 3550 coniunctos
520 3483 622 3551 fuisse
631 3483 750 3552 Stolios
765 3493 798 3551 et
807 3486 986 3570 Spartolios
1000 3485 1077 3552 inde
1092 3493 1190 3571 patet,
1210 3484 1295 3569 quod
1309 3483 1463 3551 tributum

322 3588 447 3670 utrique
470 3589 645 3672 seperatim
669 3607 797 3674 semper
820 3589 994 3673 solverunt,
1016 3589 1058 3656 cl.
1072 3589 1109 3656 0.
1128 3589 1154 3654 Ι.
1179 3591 1220 3654 Α.
1244 3589 1260 3654 1
1284 3591 1358 3652 226.
1384 3589 1461 3652 229.

323 3693 395 3756 231.
423 3693 496 3755 233.
523 3693 597 3756 235.
625 3694 698 3756 237.
727 3694 800 3756 238.
827 3695 902 3756 243.
920 3729 961 3740 -
978 3684 1346 3760 Contra‘Bottiaeomm'
1365 3709 1464 3756 unam

392 3971 408 4032 ¹)
431 3967 473 4024 Os.
491 3969 618 4024 Boeckh.
641 3969 825 4024 &oatsbuualu
842 3969 869 4024 ΙΙ
888 3973 947 4023 575.

390 4074 410 4138 ²)
433 4072 552 4129 Constet
577 4075 651 4128 enim
675 4090 775 4129 nornen
799 4075 860 4129 eius
885 4073 974 4144 partis
999 4073 1178 4130 Chalcidicae
1201 4073 1397 4142 paeninsulae,
1424 4073 1462 4128 de

322 4175 378 4230 (pua
397 4162 521 4230 agimus,
542 4160 631 4218 luisse
649 4159 665 4227 ἡ
683 4160 812 4226 Romami,
839 4177 900 4218 oum
919 4171 1032 4219 veteres
1051 4161 1244 4218 Bottiaeorum
1263 4164 1338 4218 eirea
1355 4162 1462 4218 Axium

324 4247 408 4301 sodes
432 4247 578 4302 Herodoto
602 4249 779 4304 nominentur
803 4249 948 4306 Βοπιαιές
976 4249 1039 4314 (VII
1061 4251 1135 4312 123),
1166 4249 1327 4320 Thucydidi
1355 4249 1463 4302 Βοπὶα

325 4333 360 4396 {ll
381 4335 434 4396 993.
