3274 4934
336 493 380 556 44
444 577 450 586 ⁹
862 489 953 571 [aso]

338 685 397 748 etsi
427 683 471 748 eis
499 681 621 756 verbis,
659 702 743 766 quae
779 679 872 745 nobis
900 701 965 744 non
997 679 1173 742 sufficiant:
1214 702 1407 758 προγμοτικα
1442 677 1476 740 δὲ

337 786 420 871 (seli.
455 785 563 869 μέλη),
600 784 627 848 ri'
668 811 756 847 τινων
791 791 919 865 περιεῖχε
954 782 1110 862 προέξεις.1
1168 781 1268 863 Atqui
1303 782 1358 844 illa
1394 801 1477 864 quae

336 891 533 976 pragmatica
554 889 771 952 inscribuntur
794 888 933 950 carmine
953 885 1132 949 Horatiana
1146 885 1274 949 minime
1294 906 1347 948 res
1369 891 1476 967 gestas

337 999 485 1072 tractant,
508 1014 614 1078 neque
638 993 766 1056 omnino
791 992 837 1054 eis
859 997 1085 1076 argumentum
1118 989 1201 1054 idem
1231 999 1289 1052 est.
1334 987 1406 1060 Qua
1438 987 1477 1051 de

336 1120 372 1164 re
394 1099 501 1164 iacere
522 1118 586 1162 non
609 1117 789 1182 possumus.
824 1097 900 1179 quin
930 1094 971 1157 ed
1002 1096 1214 1157 coniecturam
1244 1091 1475 1174 confugiamus.

338 1203 528 1266 Accuratius
555 1201 638 1264 enim
654 1202 680 1264 si
696 1202 883 1284 inquirimus
900 1201 931 1262 in
947 1197 1061 1262 horum
1083 1199 1255 1260 carminum
1279 1203 1477 1278 argumenta.

338 1305 552 1388 intellegimus
576 1304 707 1370 easdem
729 1303 797 1368 iere
820 1303 1031 1386 cogitationes
1048 1322 1217 1386 expressas
1241 1319 1310 1364 esse
1333 1299 1477 1362 carmini·

339 1409 399 1474 bus
422 1409 439 1472 Ι
464 1409 491 1472 1.
515 1407 550 1471 ΙΙ
576 1411 602 1470 l.
625 1406 678 1471 III
702 1411 730 1471 l.
775 1405 857 1470 h'am
882 1404 1075 1470 carminibus
1098 1403 1144 1468 Il
1175 1411 1207 1467 et
1229 1403 1282 1467 ΙΠ
1308 1405 1318 1462 l
1348 1403 1476 1467 diversa

339 1513 503 1576 hominum
531 1511 639 1576 studia
672 1533 710 1575 ac
740 1511 885 1575 fortunas
908 1511 1110 1595 persequitur
1139 1529 1293 1592 suamque
1328 1529 1400 1572 curn
1429 1507 1474 1571 eis

339 1623 441 1680 artem
464 1617 627 1695 musicam,
651 1637 741 1680 suam
766 1616 848 1679 vitae
864 1615 1090 1678 continentiam
1118 1619 1150 1676 et
1174 1613 1367 1696 aequitatem
1391 1633 1476 1675 eom·

339 1727 449 1803 parat3
472 1720 611 1784 carmine
632 1719 666 1783 Π
697 1725 705 1783 t
735 1740 811 1784 vero
837 1725 1004 1804 postquam
1035 1717 1180 1782 Asinium
1211 1716 1391 1779 Pollionem
1421 1713 1476 1777 ad·
1584 1709 1588 1716 ’

338 1823 466 1888 locutus
489 1823 529 1888 de
553 1823 684 1888 historia
709 1823 783 1888 belli
815 1823 913 1888 civilis
943 1821 1111 1886 scribenda
1143 1820 1242 1885 verba
1270 1818 1355 1898 lecit,
1386 1839 1476 1883 suam

341 1926 466 1990 Musam
489 1927 622 2010 grandia
646 1929 786 1992 carmina
809 1926 989 1991 detrectare
1010 1925 1147 1990 fatetur:

589 2031 642 2094 aed
665 2051 702 2094 ne
724 2029 851 2096 relictae.
875 2028 974 2093 Musa
993 2049 1126 2111 prorae,
1150 2029 1227 2090 iocis

591 2132 668 2198 Ceae
690 2139 840 2196 retractes
863 2153 995 2195 rnrrrrera
1019 2133 1140 2212 neniae,

589 2258 706 2302 mecum
732 2235 876 2302 Dionaeo
899 2236 955 2300 sub
978 2243 1072 2300 orrtro

634 2361 749 2425 quaere
771 2339 879 2404 modos
900 2341 1014 2403 leniore
1033 2341 1164 2423 plectro.

443 2443 556 2508 Studia
577 2443 674 2528 igitur
697 2451 846 2528 artesque
868 2464 905 2508 ae
919 2465 1025 2507 mores
1041 2442 1204 2506 hominum
1220 2441 1366 2505 sollemni
1381 2437 1477 2506 modo

340 2547 386 2610 ita
407 2548 619 2633 persequitur,
638 2553 673 2610 ut
696 2569 788 2612 suum
812 2547 963 2626 studium,
986 2567 1076 2611 suam
1100 2552 1210 2624 artem,
1233 2567 1327 2608 suum
1350 2543 1476 2609 vivendi

342 2651 508 2716 consilium
539 2651 652 2714 ceteris
684 2656 842 2735 opponat,
874 2670 933 2714 nac
960 2650 1093 2714 lor-tuito
1122 2649 1174 2730 fit,
1205 2647 1291 2733 qudd
1315 2648 1395 2712 haec
1416 2647 1477 2711 tria

342 2755 483 2819 carmina
511 2755 544 2818 in
572 2775 630 2818 suo
661 2753 812 2840 quodque
835 2754 917 2818 libro
941 2755 1075 2841 primum
1099 2755 1205 2817 locum
1230 2752 1383 2828 obtinent,
1414 2771 1478 2836 quo

342 2859 433 2943 quasi
457 2857 665 2923 fundamento
682 2867 779 2946 poeta
801 2860 925 2937 doceat,
949 2858 1023 2944 quid
1047 2857 1107 2922 eibi
1130 2858 1161 2920 in
1181 2855 1370 2920 carminibus
1394 2875 1479 2919 com·

342 2960 499 3046 ponendis
528 2963 740 3046 proposuerit.
792 2962 864 3027 Hac
894 2964 963 3048 ipsa
992 2983 1027 3026 re
1057 2961 1244 3025 adducimur
1266 2969 1302 3023 ut
1325 2961 1480 3024 coniecte-

343 3087 414 3130 mus
443 3067 656 3150 pragmaticos
688 3066 880 3130 vocabulum
911 3066 950 3131 de
980 3067 1025 3130 eis
1058 3065 1127 3136 dici,
1155 3065 1270 3150 quibus
1293 3069 1481 3147 argumenta

343 3169 478 3255 ipsaque
508 3169 661 3255 principia
691 3170 778 3234 vitae
801 3177 833 3234 et
856 3171 931 3233 artis
955 3169 1168 3248 continentur,
1197 3175 1230 3231 et
1253 3168 1293 3230 ad
1316 3169 1385 3253 ipsa
1408 3186 1481 3250 pro·

344 3273 449 3338 cemia
476 3275 645 3359 portinere.
687 3276 796 3360 Atque
827 3296 898 3338 curn
931 3273 1050 3357 alioqui
1072 3273 1150 3338 nihil
1172 3271 1371 3336 inveniamus
1394 3267 1478 3353 quod

344 3375 385 3440 ad
408 3377 491 3441 hanc
507 3378 723 3442 coniecturam
739 3379 848 3444 valeat
863 3377 1060 3456 firmandam,
1080 3383 1269 3461 exoptatum
1283 3374 1375 3438 nobis
1390 3372 1481 3435 auxi·

343 3480 421 3543 lium
443 3478 504 3544 lert
534 3480 624 3544 locus
648 3503 742 3568 quem
766 3482 798 3546 in
822 3481 1049 3546 Demosthenis
1072 3479 1211 3556 scholiis,
1237 3497 1319 3563 quae
1343 3475 1402 3539 sub
1424 3473 1481 3537 Ul·

343 3583 430 3668 piani
450 3585 578 3648 nomine
601 3583 757 3667 feruntur,
775 3585 925 3670 legimus:
947 3582 996 3646 'H
1016 3583 1099 3660 λύσις
1122 3617 1159 3627 ·-
1186 3583 1230 3646 ait
1253 3619 1292 3628 —
1316 3586 1377 3643 τοῖν
1399 3575 1482 3640 ἀντι-

344 3683 516 3750 πιπτόντων
537 3689 587 3750 καὶ
610 3713 627 3770 η
653 3686 843 3770 σπερμοτική
867 3694 930 3752 τοῖν
952 3690 1125 3772 κεφαλαίων
1143 3683 1287 3768 ἐπαγωγή
1310 3707 1482 3764 πραγμα-

346 3786 455 3852 τικόν
477 3797 558 3854 ποιεῖ
577 3791 820 3882 προοίμιον,2
865 3791 1016 3856 Fortasse
1038 3791 1134 3875 igitur
1156 3791 1218 3855 hoc
1233 3788 1423 3854 vocabulum
1440 3784 1482 3848 ab

347 3995 465 4067 inrio'yoo
484 3997 538 4063 (Sp.
557 3995 647 4049 1381.
669 3995 719 4063 19).
739 3998 789 4050 Iul.
809 3998 881 4050 vict.
900 3997 924 4056 3,
943 3996 960 4050 5
978 3995 1080 4063 (Helm.
1100 3998 1180 4049 rhstt.
1201 3997 1254 4048 min
1281 3994 1342 4060 atu,
1362 3991 1481 4059 3).1tm·

346 4098 404 4149 por.
424 4081 459 4134 de
478 4084 621 4150 ethopoeia
641 4083 743 4146 (Helm.
763 4083 821 4144 562,
841 4082 894 4149 26).

451 4171 459 4204 ¹
479 4170 566 4222 Procl.
587 4169 785 4222 Chrestomattr.
804 4169 998 4234 aeterniora
1017 4169 1109 4235 1355,
1128 4169 1163 4232 Ἰ).

449 4255 461 4289 ¹
479 4255 590 4322 Ulpiani
609 4270 702 4307 comm.
723 4257 751 4307 in
772 4255 910 4308 Demosth.
930 4255 973 4308 ed.
988 4255 1115 4308 Diodori.
1127 4255 1205 4307 Orat.
1219 4251 1334 4319 Olyntb.
1353 4249 1374 4302 1.
1388 4251 1484 4303 Simile

346 4337 451 4408 aliquid
464 4339 544 4394 afferi
554 4341 742 4407 Hermogenes
757 4341 824 4408 (arpi
843 4341 958 4413 εὗρέοεως
971 4343 984 4394 Ι
1002 4343 1123 4412 περὶτῶν
1141 4343 1166 4402 ἓξ
1185 4339 1334 4407 denirium,-
1346 4346 1485 4405 προοιμίων

348 4425 477 4498 Spengel.
496 4427 524 4480 ll
541 4443 568 4495 p.
579 4427 638 4493 lli,
655 4425 672 4480 6
691 4425 778 4496 tqq.):
801 4427 843 4482 ‘H
856 4427 945 4497 πρώτη
971 4435 1012 4482 καὶ
1035 4433 1151 4496 καλλίστη
1168 4425 1221 4480 τῶν
1238 4431 1378 4495 προοιμίων
1395 4427 1485 4496 siiprooe
