3266 4926
300 428 340 488 vo
738 465 777 474 -
825 429 910 510 lass}
958 467 999 473 -

386 616 422 680 P.
453 619 515 680 268
554 617 632 702 τιιρί
667 617 881 682 Καλλινίκου.
929 613 1154 704 Σουιγτιόριος
1186 624 1272 683 reete
1305 617 1345 682 A.
1382 618 1436 696 V.,

302 717 529 808 Σουκτώριος
551 721 588 786 Β.
615 721 651 786 Ε.
678 720 778 805 Med„
805 718 1016 806 Σουτιόριος
1037 721 1111 788 Ald.
1138 721 1215 787 Bas.
1240 727 1274 787 et
1295 720 1379 786 Eud.

388 824 426 890 In
460 825 574 892 eadem
608 847 683 912 pag.
717 827 913 904 Καικίλιος
946 833 1033 892 reete
1066 846 1137 891 eum
1166 825 1251 891 Aldo
1281 825 1436 908 Endooia,

303 931 470 1007 Κέκιλιος
492 932 532 994 A.
550 931 587 994 Β.
606 932 644 996 Ε.
663 931 769 1012 Med.;
797 931 887 996 ouius
909 931 1038 1015 glossae
1061 930 1181 997 exitum
1197 931 1345 996 omittunt
1359 931 1435 996 Vill.

300 1043 332 1102 et
354 1032 453 1100 Flaoh
476 1034 524 1099 ila
545 1035 698 1119 seriptum
721 1034 754 1100 in
778 1033 942 1100 Eudouiae
964 1033 1092 1100 codiee:
1124 1041 1197 1111 πῶς
1219 1033 1256 1099 δὲ
1275 1027 1440 1111 Ἰουδαῖος

302 1135 411 1225 σοφός
434 1131 521 1204 οὕτω
545 1135 586 1202 τά
605 1131 778 1225 Ἑλληνικά
801 1145 900 1204 τοῦτο
924 1135 1105 1220 θαυμάζοι.
1142 1139 1233 1217 Quae
1255 1139 1354 1204 verba
1375 1159 1439 1203 non

300 1243 403 1328 ipsius
426 1241 562 1323 Suidae,
594 1241 654 1308 sed
675 1241 913 1328 interpolatoris
936 1261 1007 1307 oum
1030 1241 1146 1308 abesse
1167 1263 1189 1307 a
1210 1241 1345 1308 violerio
1368 1242 1439 1328 eni-

300 1347 468 1414 stimarent
497 1345 687 1432 Bernhardy
720 1345 773 1429 (ad
803 1347 910 1412 loonm
941 1344 1071 1430 Suidae)
1105 1353 1138 1412 et
1165 1345 1320 1412 Nimsobe
1353 1347 1385 1431 (l.
1412 1347 1435 1411 l.

300 1473 331 1537 p.
359 1455 433 1534 371,
465 1450 671 1534 integriorem
701 1450 835 1516 Suidam
864 1451 980 1516 lectum
1009 1469 1083 1517 esse
1112 1449 1153 1516 ab
1182 1449 1328 1516 Eudooia
1355 1449 1439 1518 salso

301 1554 456 1640 suspicati
478 1561 563 1619 sunt.

386 1660 421 1724 P.
448 1661 510 1723 270
534 1659 613 1744 περὶ
637 1659 871 1744 Κλεοφῶντος.
904 1652 1064 1744 Ἠριγόνη
1087 1657 1161 1724 libri
1183 1658 1311 1743 optimi,
1341 1651 1436 1744 Ἤρι-

300 1766 373 1849 γίνη
397 1762 435 1827 Β.
462 1761 500 1826 Ε.
526 1761 626 1845 Med„
649 1756 803 1848 Ἡριγίνιγ
833 1762 908 1827 Ald.
935 1768 967 1827 et
989 1761 1153 1828 Eudoeiae
1175 1761 1288 1828 codex.

385 1867 422 1931 P.
449 1869 510 1932 273
539 1867 619 1952 περὶ
642 1863 847 1952 Κορνοότου.
874 1863 963 1952 πρὸς
985 1859 1091 1932 αὐτοῦ
1112 1867 1195 1932 bene
1217 1867 1256 1931 A.
1284 1867 1335 1950 V.,
1369 1865 1437 1952 ττρὸ

301 1963 406 2036 αὐτοῦ
427 1971 515 2054 vulg.
542 1976 574 2036 et
595 1970 678 2035 llud.

386 2075 421 2140 P.
449 2077 511 2139 282
540 2075 620 2160 περὶ
642 2073 827 2169 Λεσχίδου.
875 2077 1016 2150 Πυθίας
1046 2074 1184 2140 Parisini
1206 2074 1325 2141 Suidae
1348 2075 1435 2159 libri,

301 2176 448 2255 Πυθόας
470 2179 508 2242 Β.
534 2178 585 2258 bl,
612 2175 766 2255 Πυθιόας
788 2185 865 2244 vett.
891 2177 966 2244 edd.
993 2184 1026 2244 et
1048 2177 1131 2243 End.

385 2283 421 2347 P.
449 2285 511 2348 283
535 2283 615 2366 περὶ
639 2287 816 2368 Λυγκέως.
843 2281 1011 2367 Δούριδος
1033 2283 1106 2349 libri
1129 2282 1245 2367 Paris,
1274 2281 1440 2370 Θοάριδος

300 2393 377 2452 vett.
404 2386 479 2453 edd.
506 2392 539 2452 et
559 2386 642 2452 Eud.

386 2491 422 2555 P.
449 2492 510 2555 283
535 2491 615 2574 περὶ
636 2495 822 2576 Λογγίνου.
853 2485 1073 2572 Ὀδυμνάθου
1094 2490 1133 2572 A,
1156 2484 1374 2575 Ὀγυμνάδου
1396 2493 1436 2574 V,

298 2588 513 2677 Ὀδυμνάμου
535 2594 573 2658 Β.
591 2593 630 2659 E.
655 2595 741 2660 Med.
767 2595 843 2661 Ald.
870 2601 902 2660 et
924 2593 1007 2661 uuo.
1045 2594 1050 2680 Ι
1084 2591 1170 2659 κατὰ
1193 2597 1321 2680 φυβίου
1337 2595 1377 2659 A.
1397 2595 1436 2659 B.

299 2699 337 2762 V.
364 2698 417 2782 ld,
443 2697 666 2784 καταφειδίου
688 2699 777 2782 vulg.
803 2706 836 2766 et
859 2697 941 2764 Eud.

386 2801 422 2865 P.
449 2803 510 2865 303
541 2803 619 2886 περὶ
651 2806 906 2888 Μιμέρμνου
935 2821 1007 2867 curn
1037 2802 1126 2886 vulg.
1152 2800 1313 2884 liudonis,
1350 2806 1392 2866 Μ
1401 2827 1440 2866 ι-

299 2908 492 2990 μνέρμου
514 2905 554 2970 A.
579 2907 617 2970 B.
642 2907 682 2970 V.
715 2905 727 2990 ΙΙ
757 2906 880 2973 Ibidem
905 2906 985 2991 περὶ
1009 2909 1138 2982 Μυίας.
1180 2898 1372 2991 ἁρμόζοντα
1394 2907 1436 2971 Α.

300 3009 338 3074 Β.
364 3009 403 3074 V.
429 3009 481 3091 8.,
508 3004 704 3095 ἁρμόζουσα
726 3011 815 3094 vulg.
841 3017 874 3077 et
896 3009 979 3075 uuo.
1260 3083 1263 3088 ¹

386 3113 423 3178 P.
450 3117 508 3179 311
536 3114 615 3199 περὶ
638 3111 783 3180 Νόννου.
821 3117 903 3181 vota
925 3113 986 3180 bae
1009 3114 1117 3198 glossa
1139 3120 1248 3180 earent
1268 3113 1340 3178 libri
1364 3111 1442 3180 Sai-

301 3217 374 3283 dae.
425 3216 569 3283 Eudooin
599 3225 726 3284 veteres
755 3218 913 3285 editiones
942 3218 1103 3302 sequitur,
1137 3239 1221 3301 quae
1251 3218 1335 3284 unde
1365 3239 1441 3284 earn

301 3321 476 3406 intulerint,
502 3322 627 3406 ignoro.
675 3321 724 3389 cf.
751 3322 868 3387 Bemh.
895 3321 970 3388 adn.
997 3321 1040 3388 ad
1063 3322 1153 3388 Suid.
1178 3323 1202 3387 i.
1228 3344 1258 3386 v.
1284 3320 1415 3388 νόνναι.

386 3427 423 3490 P.
450 3429 507 3490 311
535 3427 614 3513 περὶ
641 3424 841 3512 Νικάνορος.
889 3427 995 3492 Verba
1018 3421 1075 3513 ἐφ’
1101 3416 1120 3511 ᾗ
1150 3430 1365 3512 πραγματείᾳ
1395 3465 1442 3474 -

303 3527 492 3595 ἐσκώπτετο
514 3531 553 3596 A.
579 3531 618 3596 V.
644 3551 707 3596 non
730 3531 866 3612 habent,
899 3531 932 3595 in
961 3530 1106 3613 margine
1136 3538 1247 3597 extant
1268 3530 1302 3595 in
1324 3529 1370 3614 Ε,
1404 3531 1441 3596 in

300 3639 389 3700 textu
411 3634 532 3701 babent
552 3641 628 3702 vett.
655 3635 731 3701 edd.
757 3641 789 3700 et
809 3633 892 3700 Eud.

387 3738 423 3802 P.
451 3741 513 3804 350
537 3739 617 3824 περὶ
646 3745 707 3805 τοῦ
734 3739 921 3820 Πολυβίου.
968 3743 1026 3824 τῆς
1056 3738 1234 3803 Φιλίππου
1264 3743 1324 3802 τοῦ
1345 3741 1443 3824 Περ-

302 3845 387 3918 σέως
416 3841 492 3908 υἱοῦ
521 3843 680 3931 διαδοχῆς
705 3844 741 3908 Α.
767 3843 805 3907 Β.
831 3842 870 3906 V.
895 3842 953 3925 E.‚
996 3842 1175 3908 Φιλίππου
1197 3849 1257 3908 τοῦ
1279 3847 1445 3927 Περσέως

301 3944 386 4028 violi,
414 3953 452 4032 τῇ
475 3946 615 4034 διαδοχῇ
637 3947 726 4030 vulg.
753 3954 785 4013 et
806 3945 888 4010 Eud.

388 4050 423 4114 P.
451 4054 513 4116 357
537 4052 618 4136 περὶ
640 4047 866 4136 Πεισάνδρου.
907 4047 1083 4125 Λυκάνιος
1105 4049 1145 4114 A.
1164 4049 1203 4114 B.
1220 4050 1258 4116 V.
1284 4049 1336 4132 8.,
1362 4056 1445 4116 Λυ-

303 4149 434 4230 κάυειος
464 4154 549 4220 Med.
575 4154 670 4237 Ald.‚
705 4152 857 4220 Λυκάων
886 4155 978 4219 Bas.
1004 4160 1037 4219 et
1058 4154 1146 4236 vulg.
1173 4159 1205 4218 et
1227 4153 1323 4219 Eud.
1370 4154 1446 4221 Hoc

301 4255 400 4338 igitur
421 4257 489 4322 loeo
505 4258 652 4323 Eudooia
678 4259 739 4340 (vel
762 4259 801 4341 is,
828 4257 883 4340 qui
905 4257 1114 4342 biograpbioa
1136 4257 1167 4323 ei
1189 4263 1340 4342 excerpta
1362 4277 1446 4343 sup-

304 4357 492 4446 peditavit),
519 4381 537 4427 e
560 4361 741 4430 Basileensi
764 4361 902 4430 editione
924 4361 1051 4431 videtur
1074 4361 1225 4431 Aldinarn
1249 4361 1444 4433 correxisse.
