3274 4934
633 449 675 460 -
723 413 807 494 [tarr
854 449 898 460 -
1295 415 1333 476 aa

201 595 440 685 triadpoyadtoc
457 599 555 668 ἕνεκα
570 601 637 682 καὶ]
658 602 853 689 φιλοτιμίας
873 606 941 688 [τῆς
958 599 1020 678 εἰς
1050 598 1124 688 τὴν
1146 597 1329 688 doctrici,

198 726 302 789 neque
316 725 403 786 vero,
422 705 507 788 quod
523 706 702 773 Koehlerus
725 706 896 792 supplevit,
915 713 974 793 τῆς
997 704 1045 782 εἰς
1067 703 1127 772 τὸν
1143 705 1260 792 δῆμον.
1292 706 1335 771 Ut

198 830 273 876 vero
289 817 414 876 centurn
431 810 525 876 annis
540 817 615 876 ante
633 831 737 876 novae
752 812 843 894 leges
859 811 980 877 liberae
994 811 1190 895 reipublicae
1205 810 1335 876 restitu-
1446 883 1452 900 ι

198 921 250 978 tae
267 934 325 999 per
339 914 540 980 nomothetas
555 935 575 978 a
594 921 708 980 senatu
723 915 844 980 eleetos
859 915 1051 1000 propositae,
1070 935 1128 999 per
1142 920 1288 980 senatum
1303 920 1335 980 et

198 1019 398 1086 nomothetas
421 1018 600 1103 a'paganis
616 1019 735 1085 eleetos
756 1018 886 1102 (Audoc.
906 1019 947 1086 de
963 1026 1057 1104 myst.
1078 1020 1129 1092 831
1150 1019 1334 1104 promulga-

197 1129 249 1188 tae
273 1131 357 1204 sunt,
383 1123 431 1188 sie
452 1143 562 1190 earum
585 1143 710 1207 quoqne
725 1124 833 1207 legum
850 1123 1065 1205 ferendarum,
1085 1143 1166 1206 quas
1181 1122 1334 1190 Pherecie

197 1227 348 1294 archonte
377 1229 459 1294 latas
487 1247 560 1294 esse
596 1227 744 1294 nimirum
780 1235 853 1313 post
882 1228 1038 1295 Demetrii
1066 1228 1214 1294 Phalerei
1243 1227 1333 1310 leges

197 1333 370 1415 abrogatas
400 1333 512 1398 titulus
541 1335 718 1417 testatur1),
753 1339 883 1399 senatus
906 1333 1067 1418 particeps
1089 1333 1191 1399 fuisse
1214 1337 1330 1418 potest.

197 1437 271 1520 Ipse
286 1443 393 1501 autern
409 1436 573 1502 Euchares
595 1457 671 1501 num
693 1457 735 1502 ex
757 1436 958 1503 senatoribus
982 1437 1090 1520 fuerit,
1115 1436 1247 1504 dubium
1270 1443 1330 1503 est.

263 1539 453 1625 Ephebos
470 1539 715 1606 Atheniensium
730 1560 847 1606 corona
862 1561 971 1624 aurea,
986 1561 1082 1624 quam
1093 1547 1225 1626 peracta
1236 1540 1336 1626 ephe-

197 1642 252 1708 bia
274 1643 419 1728 accipere
442 1645 605 1726 solebant,
637 1663 700 1710 non
730 1665 751 1710 a
773 1651 886 1710 senato
908 1645 967 1711 sed
988 1645 1079 1712 iussu
1101 1645 1212 1730 populi
1233 1645 1335 1711 hono-

198 1747 261 1811 rari
283 1747 387 1813 solere
409 1747 493 1814 tituli
521 1746 637 1814 docent
658 1767 730 1814 cum
752 1747 809 1813 alii
830 1753 898 1814 tum
920 1749 953 1814 11
976 1752 1049 1833 316,
1078 1743 1334 1832 ‘antiquissimus

197 1851 279 1918 inter
306 1851 414 1917 omnia
441 1853 571 1919 decreta
600 1852 778 1938 ephebica,
811 1854 901 1920 cuius
930 1861 1152 1938 argumentum
1182 1855 1242 1923 hoc
1271 1863 1330 1922 est.

197 1955 278 2021 Gom
301 1956 354 2040 qui
377 1957 522 2023 Meneele
543 1958 695 2023 archonte
718 1957 836 2042 ephebi
857 1958 995 2042 fuerant,
1028 1979 1223 2043 quamquam
1252 1961 1334 2027 bene

198 2079 232 2124 se
256 2067 433 2144 gesserant,
458 2061 595 2128 fortasse
610 2068 740 2146 propter
754 2062 833 2128 belli
848 2063 1017 2128 tumultum
1032 2064 1210 2148 praemium
1226 2083 1330 2146 suum,

196 2183 343 2230 coronam
366 2164 448 2246 dieo,
474 2185 538 2230 non
560 2165 803 2250 reportaverint,
829 2166 1011 2250 conquestio
1032 2167 1099 2234 illis
1122 2175 1253 2234 senatus
1276 2169 1334 2234 ob-

197 2275 326 2333 secutus
348 2268 391 2333 ad
413 2269 567 2353 populum
591 2267 662 2348 fert,
694 2276 729 2334 ut
756 2269 818 2354 ipsi
848 2289 976 2352 qnoque
998 2271 1141 2355 praemio
1163 2271 1330 2352 donentur,

198 2369 313 2458 ἐπειδὴ
337 2372 393 2436 καὶ
409 2371 441 2436 οἱ
458 2366 554 2436 ἄλλοι
570 2370 601 2436 or‘
618 2371 909 2456 ditabatuicbqreg
924 2379 1117 2460 τετίμηνται
1138 2375 1178 2457 (ι.
1199 2377 1237 2439 13
1254 2377 1330 2458 sq),

197 2481 295 2557 atque
324 2476 463 2560 populus
493 2496 641 2542 coronam
671 2496 802 2542 auream
831 2476 870 2542 iis
899 2477 1031 2544 addicit.
1078 2479 1184 2544 Primo
1207 2480 1334 2546 demum

198 2600 228 2642 a.
256 2578 330 2644 Chr.
357 2581 486 2646 saeculo
508 2580 541 2644 in
564 2579 666 2646 titulis
689 2580 813 2646 duobus
837 2583 892 2645 481
923 2589 956 2648 et
978 2585 1040 2647 482
1072 2589 1200 2649 senatus
1224 2583 1335 2650 decre-

198 2682 241 2746 tis
277 2682 407 2768 ephebi·
425 2689 459 2750 et
487 2691 648 2750 cosmetae
677 2684 885 2752 honorantur:
922 2685 1038 2770 quibus
1064 2687 1182 2752 iniuria
1214 2709 1246 2752 n.
1273 2692 1336 2752 466

198 2785 388 2852 adnumerat
416 2787 541 2854 Hartel.
575 2791 646 2852 Att.
672 2791 810 2853 Stactar.
836 2791 893 2870 86,
931 2789 1084 2876 deeeptus
1118 2811 1149 2856 v.
1184 2793 1242 2870 39,
1279 2793 1335 2858 ubi

198 2890 232 2955 in
254 2890 374 2975 lapidis
404 2890 493 2956 hiatu
523 2890 738 2976 supplendum
768 2897 818 2957 est
844 2889 1009 2974 δεδόχθαι
1039 2899 1077 2978 τῇ
1107 2895 1227 2979 daviti]
1257 2891 1335 2971 τοὺς

198 2990 365 3075 λαχόντας
387 2992 575 3080 προέδρους
598 2995 687 3058 art:
721 2995 870 3061 nimirum
900 2995 1036 3062 formula
1057 2998 1336 3082 probulenmativa

197 3117 260 3162 uou
283 3097 382 3182 plena
403 3097 581 3183 perscripta
602 3105 681 3181 erat,
708 3097 767 3165 sed
788 3097 932 3165 indicata
953 3105 1075 3166 tanturn
1098 3101 1219 3186 pariter
1238 3109 1335 3184 atque

198 3221 230 3264 n.
256 3203 330 3283 467,
357 3204 398 3264 45
422 3206 454 3266 et
477 3201 530 3266 96.
563 3202 668 3285 Atque
691 3209 775 3268 recte
798 3202 940 3269 Koehler
962 3204 1004 3270 ad
1026 3225 1059 3269 n.
1077 3205 1154 3268 481:
1178 3198 1224 3270 ‘in
1247 3212 1336 3271 utro-

197 3321 259 3384 que
281 3303 374 3369 titalo
396 3311 557 3370 cosmetae
579 3312 612 3371 et
633 3305 767 3390 ephebis
790 3305 926 3372 honores
948 3306 1163 3373 decemnntur
1185 3328 1248 3373 non
1270 3308 1334 3373 iam

196 3427 217 3469 a
239 3413 353 3472 senatu
376 3413 408 3473 et
430 3408 564 3493 populo,
597 3408 656 3474 sed
690 3415 845 3475 asenam
868 3410 955 3494 sold,
981 3410 1015 3476 id
1037 3410 1122 3492 quod
1145 3410 1243 3478 affert
1264 3412 1330 3494 itte,

196 3515 232 3574 nt
253 3509 449 3578 demonstret
469 3518 621 3596 tempore,
659 3507 722 3595 'quo
745 3519 878 3596 uterque
901 3514 1024 3598 positus
1047 3515 1098 3596 sit,
1129 3508 1261 3581 ‘statum
1284 3537 1336 3582 re-

196 3635 265 3680 rurn
287 3614 487 3699 publicarum
509 3637 530 3680 a
552 3615 749 3700 temporibus
772 3617 1003 3701 antiquioribus
1026 3617 1188 3684 diversum
1209 3619 1331 3687 inisse’.

197 3719 346 3784 Oetemm
369 3718 487 3804 ephebi
508 3720 542 3784 in
564 3719 627 3785 fine
650 3720 807 3804 ephebiae
827 3715 966 3788 ‘senatui
996 3723 1223 3805 ostendebant,
1258 3723 1336 3806 quid

197 3821 231 3887 in
245 3821 343 3888 armis
359 3823 519 3904 rebusque
534 3822 661 3888 taeticis
675 3818 894 3908 profecissent
918 3825 1162 3910 (Dittenberger.
1179 3825 1219 3892 de
1232 3827 1333 3912 ephe-

198 3925 246 3990 bis
268 3948 300 4011 p.
320 3928 373 3990 27.
405 3927 547 3992 Dumont
570 3927 653 3990 maai
669 3949 723 3990 aar
746 3927 771 3990 Γ
788 3927 915 4011 ephe‘ba'c
931 3929 1080 4014 attiqael
1099 3932 1183 4015 136),
1210 3930 1251 3996 of.
1271 3935 1334 3997 too

197 4050 228 4095 v.
248 4033 299 4094 37.
326 4033 387 4094 467
412 4051 444 4096 v.
463 4032 514 4094 42.
542 4031 603 4093 468
628 4049 658 4094 r.
686 4033 738 4094 26.
764 4033 827 4095 469
850 4052 881 4096 v.
909 4035 961 4097 29.
989 4039 1046 4098 ort
1074 4055 1106 4099 v.
1132 4035 1189 4098 33:
1219 4033 1336 4119 ἐποιή-

202 4187 405 4196 ..ῃ-...-

267 4273 284 4336 ¹)
307 4269 349 4326 Cf.
371 4271 465 4327 Meier.
488 4277 634 4325 comment.
657 4271 799 4341 cpigntph.
819 4288 845 4340 p.
864 4275 893 4324 13
913 4281 942 4327 ct
960 4275 993 4328 It.
1009 4275 1111 4330 sehon.
1134 4277 1162 4330 in
1180 4274 1334 4332 comment.
1412 4293 1413 4298 ¹

197 4355 225 4408 in
245 4357 308 4412 hon.
330 4357 382 4412 Th.
405 4357 566 4412 Mommseni
585 4374 612 4426 p.
627 4359 687 4413 tro.
