3274 4934
744 397 956 457 -·28..

282 587 368 648 mus,
396 568 507 631 mirum
529 577 579 632 est
599 589 660 632 non
683 569 801 632 diserte
817 567 944 651 exponi.
994 566 1106 648 ltaque
1132 586 1162 628 s.
1188 567 1207 626 3
1234 585 1298 646 quo
1319 564 1419 628 blem-

280 689 396 736 nonem
418 669 471 736 die
487 673 630 755 proximo
653 693 717 736 non
733 669 898 754 crepuisse
914 669 1121 751 significatur.
1141 667 1272 745 dubito,
1297 689 1340 731 au
1354 687 1419 732 uon

280 781 345 838 tam
363 777 522 856 Μέμνον,
548 775 634 858 qued
656 797 696 840 ex
712 774 807 840 Saltii
823 773 945 838 L'Hdtii
961 773 1056 838 Bailii
1078 773 1214 838 lectione
1237 769 1420 836 ΜΕΜΝΟ-

283 872 378 940 NOC
396 879 542 944 ellectum
564 885 624 959 est,
650 899 745 962 quam
764 881 916 959 Μέμνων
935 876 1085 958 extiterit,
1103 875 1231 940 tametsi
1247 895 1287 940 ex
1303 883 1420 960 ectypo

281 980 315 1046 id
336 979 506 1048 diiudicari
522 983 649 1066 nequit:
675 1001 860 1065 nequaque
882 980 1083 1064 potissimum
1099 980 1169 1045 loeo
1190 979 1344 1044 transitus
1365 979 1421 1044 liat

281 1085 324 1150 ad
345 1085 567 1151 allocutionem
584 1086 778 1168 llernnouis,
804 1085 1007 1170 perspicuum
1030 1091 1090 1150 est.
1136 1083 1323 1162 Quaerere
1344 1105 1376 1148 v.
1400 1087 1419 1146 3

282 1189 459 1256 llemuouis
481 1211 595 1256 nomen
619 1197 792 1274 sequantur
812 1191 911 1256 verba
932 1211 972 1256 ne
994 1197 1111 1276 ectypo
1125 1187 1255 1272 quidem
1276 1189 1420 1254 adhibita

282 1294 430 1378 expedio,
450 1295 512 1360 nisi
529 1294 615 1377 quod
627 1299 738 1379 σίγοις
753 1295 954 1380 participium
971 1295 1066 1360 facile
1086 1313 1262 1378 agnoscere
1278 1293 1354 1358 milri
1371 1293 1420 1357 vi-

282 1397 359 1462 deor
369 1401 404 1480 ¹).
431 1395 516 1464 Mdv
530 1419 588 1483 pro
602 1403 665 1481 μέν
681 1399 804 1464 Bailius
819 1399 902 1464 falso
916 1397 1059 1478 tradidit,
1085 1418 1181 1480 quem
1194 1397 1312 1462 Kaibel
1328 1417 1420 1463 secu-

281 1505 413 1566 tuaest.
436 1539 479 1548 —
502 1503 541 1566 V.
563 1505 581 1565 l
612 1501 719 1568 verbis
741 1499 842 1584 βάξιν
864 1495 1010 1576 ἄναυδος
1039 1499 1124 1585 ἔφυς
1147 1501 1263 1566 Kaibel
1286 1501 1420 1566 moleste

280 1603 366 1670 idem
383 1605 544 1690 expressit
557 1605 642 1688 qnod
658 1607 881 1691 supplemento
895 1605 1004 1671 versui
1020 1603 1225 1689 praecedenti
1247 1605 1366 1669 inserto
1381 1601 1419 1680 ὃς

281 1701 321 1772 οὐ
343 1703 460 1794 priapo
482 1705 666 1795 ἐθέληοοςς
700 1709 790 1774 initio
813 1728 926 1774 versus
947 1729 1030 1792 quae
1053 1707 1144 1773 dedit
1166 1701 1210 1784 ὠς
1232 1704 1338 1772 πάλιν
1360 1701 1418 1772 ἆλ-

280 1810 422 1896 λοτρίως
443 1811 521 1896 quid
543 1813 604 1878 sibi
626 1813 727 1878 velint
749 1833 812 1878 uon
835 1831 999 1895 assequor.
1058 1807 1171 1876 Πάλιν
1194 1812 1276 1876 ultro
1298 1811 1341 1876 ad
1363 1831 1419 1876 eos

279 1913 415 1981 refertur
442 1915 497 2000 qui
527 1936 598 1981 eum
627 1917 776 1982 llemuou
806 1922 902 1981 antea
931 1936 1041 1982 vocem
1076 1935 1139 1980 neu
1168 1913 1325 1980 edidisset
1357 1914 1418 1980 ite-

280 2038 349 2084 rum
371 2017 414 2084 ad
436 2039 509 2085 eum
532 2025 752 2086 accesserunt:
778 2039 913 2103 quocum
937 2018 1138 2086 consentiunt
1159 2018 1257 2083 verba
1273 2038 1337 2082 nou
1350 2025 1417 2083 tam

278 2122 389 2206 Lepsii
410 2124 598 2209 apographo
620 2123 738 2190 tradita
753 2144 848 2207 quam
871 2123 943 2209 ipse
965 2129 1079 2208 ectypo
1101 2129 1187 2188 certo
1202 2121 1355 2207 expedita
1375 2114 1419 2198 ὥς

281 2222 387 2291 πάλιν
416 2219 438 2290 ἆ
460 2223 546 2290 κάλα
569 2227 659 2292 avide
682 2225 843 2310 Σάβιννα.
891 2227 997 2294 Verba
1018 2225 1109 2292 ratde
1132 2223 1282 2308 Σάβιννο
1305 2223 1417 2290 eodem

283 2329 377 2395 modo
393 2329 562 2396 coniuncta
577 2330 734 2398 babemus
750 2331 847 2396 Kaib.
865 2333 946 2414 988,
966 2334 1005 2408 3,
1028 2329 1115 2414 quod
1130 2336 1325 2414 quantopere
1341 2329 1418 2394 Bal-

280 2433 378 2499 billae
394 2433 564 2500 conveniat
584 2434 647 2500 iam
668 2433 884 2512 ostendimus;
911 2441 1008 2518 atque
1030 2441 1066 2498 ut
1087 2435 1167 2512 988,
1187 2436 1206 2498 3
1228 2431 1417 2498 adverbium

280 2535 370 2601 τοῑόε
393 2555 464 2602 enm
488 2525 598 2624 ἦλθον
624 2537 843 2621 coniungitur,
876 2538 922 2603 ita
946 2537 981 2602 in
1003 2536 1066 2603 fine
1095 2535 1286 2621 pentametri
1315 2535 1419 2600 simile

280 2639 413 2704 verbum
428 2639 578 2706 veniendi
594 2639 825 2706 desideramus.
872 2642 922 2706 An
938 2641 1084 2706 conicere
1100 2639 1176 2706 lieet
1197 2658 1259 2722 quo
1274 2638 1342 2704 tere
1357 2636 1418 2702 du-

281 2749 357 2808 cunt
370 2741 548 2808 litterarum
564 2744 718 2828 vestigia,
738 2745 910 2810 Balbillum
926 2765 947 2810 a
961 2765 1039 2810 voce
1055 2737 1176 2818 ἄνοδος
1191 2742 1323 2808 verbum
1339 2734 1419 2806 ἂνο-

281 2842 351 2910 ὀάιο
374 2845 540 2914 derivasse
562 2855 660 2931 atque
682 2847 851 2933 scripsisse
871 2845 1023 2930 Σάβιοοο
1046 2841 1173 2913 doddo?
1216 2846 1417 2928 Quamquam

282 2948 440 3015 eiusmodi
462 2949 531 3017 sive
552 2949 685 3018 sormam
705 2951 773 3018 sive
788 2951 948 3018 notionem
963 2951 1018 3016 vix
1037 2973 1076 3016 ac
1091 2970 1132 3016 ne
1147 2950 1201 3014 vix
1221 2949 1350 3032 quidem
1366 2948 1420 3012 tira

281 3073 369 3118 mare
381 3053 486 3138 possis
495 3053 702 3139 Hesychiaua
716 3056 827 3140 glossa
836 3052 1012 3142 ἐξοδῆοοι·
1032 3052 1216 3133 ἐξοδεῦοαι.
1236 3053 1420 3120 Odensione

278 3163 365 3222 caret
376 3175 479 3239 neque
491 3157 533 3222 ab
546 3158 654 3242 eetypi
670 3157 733 3224 lide
748 3159 881 3224 nimium
893 3157 1014 3224 recedit
1025 3157 1115 3222 ratde
1131 3154 1281 3239 Σάβινοα
1298 3150 1415 3238 ἀνέβα.

365 3277 519 3342 Versuum
537 3277 635 3361 igitur
649 3278 789 3362 priorum
802 3287 836 3345 ut
850 3280 950 3345 verba
965 3277 1073 3344 omnia
1088 3279 1255 3344 restituere
1266 3297 1329 3343 nou
1342 3296 1418 3362 pos-

279 3397 405 3462 sumus,
432 3377 479 3444 ita
505 3399 635 3446 sensum
662 3387 749 3447 recte
774 3381 915 3448 assecuti
939 3401 1012 3447 esre
1034 3381 1126 3448 uobis
1147 3379 1302 3446 videmur.
1350 3381 1418 3446 Iam

277 3481 321 3548 ad
332 3483 467 3548 verbav.
484 3489 502 3548 5
518 3483 739 3570 intellegenda
753 3505 774 3549 a
788 3505 820 3548 v.
836 3485 1027 3551 (inexilium
1044 3484 1192 3570 petimus,
1208 3484 1261 3568 qui
1274 3483 1419 3570 exceptis

279 3586 405 3652 duabus
421 3587 536 3653 litteris
558 3587 683 3672 integer
705 3595 852 3654 servatus
875 3595 933 3654 cst.
981 3589 1094 3672 Neque
1111 3589 1195 3654 enim
1217 3588 1249 3653 in
1266 3589 1329 3654 fine
1344 3595 1420 3674 post
1479 3663 1486 3674 ¹

281 3685 375 3750 ΙΗ-
390 3689 446 3754 ubi
461 3689 603 3756 notanda
618 3691 720 3756 sonna
737 3691 764 3755 l'l
781 3711 838 3776 pro
857 3692 1032 3758 hexarata
1048 3691 1131 3758 sient
1146 3709 1176 3756 v.
1197 3697 1214 3756 7
1231 3690 1302 3753 ΜΠ
1319 3721 1360 3746 =
1372 3693 1417 3778 μή

277 3791 475 3858 --litteram
493 3791 523 3858 C
547 3813 618 3860 oum
635 3794 784 3860 Kaibelio
799 3795 920 3860 addere
936 3795 1012 3860 licet
1027 3801 1062 3861 ut
1075 3793 1127 3882 ἵης
1143 3794 1300 3861 efficiatur
1315 3815 1418 3878 neque

279 3893 438 3978 dpdoloer
462 3916 504 3962 au
532 3895 690 3962 didoloar
716 3897 888 3982 legendum
916 3898 958 3964 sit
983 3898 1114 3964 dubium
1141 3905 1201 3964 est.
1249 3899 1325 3964 Post
1347 3917 1418 3974 eam

278 4019 389 4067 vocem
406 4020 479 4066 cum
496 3995 597 4068 odrae
611 4002 802 4070 Letrouuius
814 4008 901 4070 reete
913 4001 1100 4086 restituerit,
1115 4001 1253 4068 litteram
1265 4002 1418 4068 incertam

352 4244 368 4308 ¹)
389 4241 523 4298 Extrema
541 4259 596 4298 vox
614 4245 709 4300 nescio
726 4259 763 4298 au
782 4245 821 4300 sit
833 4241 909 4296 dora
923 4239 1093 4312 (deroldtlz
1114 4249 1145 4300 nt
1157 4244 1328 4300 Memnonem
1342 4245 1417 4300 scili·

283 4337 328 4388 eet
346 4329 459 4386 auribus
478 4335 617 4386 carentem
640 4329 683 4396 (ct.
699 4331 763 4389 Bv.
778 4335 801 4396 9)
824 4331 938 4387 surdum
956 4347 987 4387 se
1005 4331 1167 4404 praebuisse
1185 4335 1306 4386 notetur.
