3260 4936
734 389 773 398 -
821 353 906 435 [aar]
954 389 997 400 -

481 540 1283 624 υ.....ὐυ-υυ--.ὐ--έυι,ΞΛ1

530 652 751 692 „ra-vv.
781 681 802 689 -
830 643 1044 726 Lorssag

293 772 365 818 oum
387 752 421 816 in
444 756 509 816 toto
532 748 684 827 carmine,
711 747 852 812 exclusis
875 747 1021 813 versibus
1044 747 1193 831 strophas
1212 746 1438 813 claudentibus

293 861 325 922 ot
345 851 654 938 interpunctionibus
677 857 751 940 post
773 870 829 916 eos
852 849 975 935 positis,
1002 870 1042 916 ex
1059 852 1121 914 160
1144 850 1291 916 versibus
1308 854 1347 914 75
1375 850 1438 934 (rel

282 961 387 1050 ,2996)
415 955 671 1041 interpunctione
694 953 858 1034 liniantur,
885 961 941 1018 str.
969 956 986 1017 3
1011 973 1051 1019 ex
1075 956 1115 1018 26
1139 953 1286 1020 versibus
1313 958 1350 1018 10
1373 955 1437 1034 (vel

296 1063 335 1126 39
341 1064 404 1144 pc),
432 1067 487 1126 str.
514 1064 533 1122 4
557 1077 597 1124 ex
621 1061 661 1122 26
685 1056 833 1123 versibus
858 1059 897 1120 12
926 1057 986 1140 [vel
1010 1063 1049 1121 46
1054 1059 1104 1140 76]
1130 1057 1165 1122 iu
1186 1056 1250 1123 fine
1272 1057 1440 1142 interpun-

295 1172 427 1250 gantur,
460 1161 607 1246 quamvis
638 1160 672 1225 hi
703 1160 765 1226 duo
788 1179 901 1226 versus
930 1161 958 1242 13
982 1167 1014 1226 et
1037 1161 1066 1244 4)
1093 1159 1193 1226 vieini
1216 1159 1281 1226 sint
1301 1159 1439 1242 ideoque

293 1267 426 1334 difficile
448 1265 544 1332 fuerit
566 1264 692 1348 utrique
711 1263 745 1328 in
759 1265 875 1330 eadem
891 1263 1025 1349 stropha
1039 1263 1328 1349 interpunctionem
1345 1262 1436 1329 dare.

294 1367 618 1437 lm0wm6

475 1469 1225 1526 v--Lv--Lu--.Lw-vv1„,!A
1252 1516 1255 1547 Ι

296 1597 335 1644 ex
358 1577 470 1643 decem
493 1576 639 1642 versibus
662 1581 812 1658 quattuor
834 1575 963 1659 plenam
985 1573 1273 1660 interpunctionem
1304 1573 1436 1639 habeut.

295 1680 387 1746 Multi
416 1687 524 1746 autem
554 1678 617 1744 looi
646 1678 692 1744 ita
722 1677 896 1763 comparati
919 1683 1009 1760 sunt,
1045 1685 1081 1744 ut
1101 1685 1208 1744 utrum
1231 1696 1343 1744 versus
1365 1675 1440 1742 linis

294 1782 485 1850 statuendus
508 1781 551 1848 sit
572 1802 614 1848 an
631 1801 766 1848 caesura
782 1781 815 1846 in
831 1799 927 1847 versu
943 1781 1062 1864 medio,
1089 1780 1269 1848 diiudicare
1284 1800 1347 1846 nou
1362 1799 1440 1865 pos-

295 1886 407 1952 simus.
454 1885 538 1950 Nam
570 1904 804 1969 saepenumero
833 1885 866 1948 in
897 1883 1013 1950 mediis
1036 1883 1184 1950 versibus
1208 1903 1343 1950 caesura
1375 1883 1439 1966 (vel

295 1989 460 2074 diaeresis)
488 1989 574 2054 facta
596 1995 646 2054 est
667 1995 740 2074 post
754 1988 826 2054 cola
840 1988 1036 2054 acatalecto:
1063 2007 1093 2054 e.
1112 2008 1146 2072 g.
1165 1985 1191 2054 0
1207 1988 1257 2052 III
1271 1987 1305 2052 in
1321 1991 1339 2051 6
1356 1993 1440 2052 stro—

295 2093 368 2178 phis
389 2093 424 2158 in
446 2111 543 2159 versu
566 2091 659 2158 tertio
682 2097 865 2157 constanter
887 2091 950 2157 hae
972 2111 1127 2157 caesurae
1149 2091 1246 2157 liunt:

470 2196 781 2244 -.ξω-να--
807 2196 809 2278 l
834 2195 1016 2242 Lea--.¹
1041 2197 1043 2245 l
1069 2193 1264 2242 uua-w!

296 2307 328 2366 et
351 2307 424 2385 post
446 2299 608 2384 epitritum
629 2299 664 2364 in
686 2317 783 2364 versu
805 2305 935 2381 quarto:

398 2402 578 2450 -Lv--
604 2403 607 2486 J
631 2401 1340 2450 Lu--Lv--Lw-uu-.Lv!

384 2507 497 2589 Itaque
511 2505 559 2571 ibi
573 2511 697 2572 tantum
721 2523 904 2570 mensuram
925 2521 953 2558 ι-
968 2504 993 2551 !
1014 2503 1250 2584 adhibebimus,
1277 2504 1331 2570 ubi
1349 2503 1441 2570 hiatu

297 2617 329 2676 et
358 2609 488 2694 syllaba
517 2607 651 2694 ancipiti
674 2627 787 2674 versus
809 2607 883 2674 finis
905 2607 1066 2674 indicatur
1087 2614 1143 2672 aut
1165 2627 1315 2674 versuum
1337 2607 1443 2673 conti·

296 2711 448 2776 nuatione
471 2711 606 2794 longior,
633 2731 729 2794 quam
746 2709 868 2794 nundi,
895 2730 1007 2778 versus
1023 2710 1216 2777 efficeretur.
1255 2711 1316 2777 Hic
1330 2717 1440 2776 autem

297 2832 354 2880 eos
376 2819 500 2878 tantum
522 2815 611 2880 locos
634 2814 910 2896 enumerabimus,
942 2815 997 2880 ubi
1025 2833 1137 2880 versus
1167 2814 1255 2881 exitu
1286 2814 1442 2881 feminino

297 2915 436 3002 praediti
459 2916 528 2982 sine
551 2935 649 2982 eausa
670 2917 855 2984 necessaria
877 2917 1042 2984 constituti
1057 2924 1141 2997 sunt,
1168 2937 1300 3002 quorum
1315 2925 1442 3002 partem

297 3018 402 3104 capite
432 3018 448 3083 Ι
477 3019 735 3105 imperfectorum
765 3021 910 3087 exituum
939 3041 1039 3087 causa
1068 3020 1248 3086 reiecimus.
1302 3019 1368 3087 Sed
1397 3042 1441 3088 nc

297 3121 458 3206 longiores
474 3141 586 3188 versus
602 3124 832 3191 constituamus
848 3145 930 3191 neve
946 3124 1140 3190 constituere
1155 3123 1333 3202 videamur,
1358 3143 1442 3190 enu-

296 3245 456 3291 meremus
478 3226 683 3310 longissimos
707 3247 819 3294 versus
841 3227 1044 3312 stropharum
1059 3226 1250 3310 doricarum,
1275 3227 1330 3310 qui
1349 3227 1441 3293 nullo

296 3329 390 3394 modo
413 3329 520 3395 dirimi
542 3337 687 3414 possunt,
713 3331 890 3397 secundum
912 3349 1080 3396 numerum
1095 3329 1235 3395 colorum
1251 3335 1283 3394 et
1297 3327 1437 3413 pedum:

425 3431 453 3498 N
475 3433 491 3497 Ι
513 3439 569 3498 str.
597 3435 614 3494 7
794 3432 935 3500 continet
956 3436 975 3497 6
998 3432 1071 3498 cola
1094 3438 1126 3498 et
1151 3435 1189 3496 13
1213 3430 1313 3516 pedes

426 3534 624 3601 NVSil'.1
858 3563 873 3598 ιι
957 3539 1042 3601 6ιι
1100 3538 1189 3600 »13
1249 3561 1262 3592 ιι

426 3637 634 3704 ΝΧΒῈΗ
857 3667 870 3699 ιι
955 3644 974 3705 6
1027 3665 1040 3698 ιι
1100 3642 1188 3701 »1¹2
1248 3664 1261 3698 ιι

429 3739 707 3827 IIIIIVep.6
861 3769 874 3801 ιι
958 3747 977 3806 6
1029 3765 1043 3802 ιι
1101 3743 1189 3804 »13
1250 3767 1263 3799 ιι

426 3843 715 3926 Ivllvlstr.6
862 3871 875 3905 ιι
960 3849 1045 3910 6»
1102 3846 1189 3908 »13
1249 3871 1262 3904 ιι

426 3947 619 4014 PIStl'.6
859 3975 873 4010 ι)
958 3954 976 4011 5
1030 3975 1042 4006 ιι
1102 3974 1115 4006 ιι
1152 3953 1188 4012 ld
1249 3973 1262 4006 ιι

299 4055 334 4114 11
361 4069 474 4116 versus
496 4057 665 4135 praeterea
686 4051 785 4133 quina
798 4052 876 4122 „cola
898 4051 1060 4118 continent
1081 4057 1114 4116 ot
1128 4049 1273 4116 undenos
1290 4049 1342 4114 vel
1358 4049 1442 4115 duo·

297 4154 396 4220 denos
426 4153 543 4238 pedes,
579 4173 684 4237 neque
715 4155 849 4220 multum
880 4153 1077 4240 proficimus,
1112 4155 1139 4220 si
1170 4155 1311 4220 colorum
1343 4151 1442 4217 dimi-

295 4257 494 4322 nuendorum
531 4275 628 4322 causa
664 4255 755 4322 binos
785 4259 930 4342 epitritos
964 4257 1078 4324 eodem
1111 4257 1180 4324 eolo
1215 4255 1440 4340 coniungimus
