3226 4932
287 341 328 400 m
723 321 766 384 ἑ-
813 339 898 420 [244]
946 374 988 384 —

292 546 375 608 quae
398 525 439 592 de
462 531 498 590 ιέ
519 527 679 611 particula
699 527 733 591 in
755 525 819 592 fine
838 545 951 592 versus
967 525 1072 611 posita
1086 523 1225 590 vidimus
1240 522 1284 587 ad
1299 520 1326 589 0
1341 522 1358 586 Ι
1373 525 1427 598 64,

291 628 345 693 vin
368 627 550 713 suspicione
572 647 630 694 nos
652 629 903 706 abstinebimus,
938 633 1023 694 ποτέ
1045 636 1077 694 et
1102 631 1147 716 sss
1167 626 1340 708 vocabula,
1375 625 1431 706 nbi

293 730 453 797 solitarios
484 732 536 798 vel
565 732 675 798 multis
697 732 837 799 exitibus
859 731 965 816 longis
987 731 1218 816 respondentes
1240 729 1346 795 exitus
1368 729 1432 793 im-

292 833 451 918 perfectos
475 833 633 917 efficiant,
666 836 700 900 in
723 835 981 920 pronuntiatione
1003 835 1111 918 aliquo
1133 833 1227 899 modo
1248 830 1434 898 modificata

293 955 384 1020 esse,
417 957 480 1020 quo
511 938 650 1004 exitibus
679 937 830 1024 perlectis
860 937 1128 1020 adaequarentur.
1176 937 1234 1003 Est
1264 943 1371 1004 antem
1398 937 1433 1001 in

292 1040 372 1125 ipsis
388 1040 519 1106 Pindari
542 1041 737 1107 carminibus
759 1041 931 1124 vestigium
954 1041 1075 1106 formae
1098 1039 1248 1106 vocabuli
1264 1044 1349 1104 ποτέ
1364 1059 1436 1105 ser-

294 1151 413 1224 vatum,
440 1162 523 1226 quae
546 1143 681 1209 alteram
704 1143 864 1228 syllabam
887 1153 943 1210 aut
964 1151 1079 1209 natura
1101 1152 1157 1208 aut
1178 1143 1334 1228 positione
1357 1164 1435 1228 pro-

294 1246 437 1313 duxerit:
465 1244 485 1310 I
508 1246 523 1310 I
547 1248 586 1308 25
610 1247 694 1312 enlm
716 1245 854 1312 traditur

563 1471 619 1534 καὶ
642 1471 790 1544 λιθίνοις
813 1463 917 1535 ὅποσε
941 1469 1068 1545 δίσκοις
1090 1467 1151 1535 ἵεν.

299 1588 491 1670 (Secundum
515 1589 639 1656 scholia
660 1595 716 1654 aut
738 1590 886 1665 λιθίνοις
909 1589 1036 1664 δίσκοις
1062 1589 1267 1655 aecusativus
1288 1589 1435 1654 aeolicos

294 1702 358 1774 est,
393 1699 449 1758 ant
470 1693 691 1775 corrigendum
716 1693 870 1768 λιθίνους
894 1691 1058 1774 δίσκους),
1092 1693 1279 1757 Ammonius
1309 1700 1431 1760 autem.

294 1797 348 1880 qui
371 1797 448 1862 citat
469 1797 554 1862 hunc
576 1815 714 1879 versum,
746 1796 878 1862 exhibet
900 1790 981 1859 ποτ’
1008 1790 1072 1860 διὰ
1095 1795 1239 1860 δίσκοισι
1262 1803 1294 1860 et
1315 1797 1437 1862 Eusta-

293 1899 380 1964 thius
403 1900 551 1974 λιθίνοις
574 1893 705 1963 ὁπόταν
727 1899 889 1963 δίσκουσι.
938 1899 1031 1965 Unde
1054 1897 1214 1981 Bergkius
1237 1899 1270 1962 in
1293 1899 1437 1966 editione

293 2001 389 2068 tertia
410 2001 545 2068 formam
569 1994 702 2066 ὁπόσον
723 2003 775 2068 vel
800 1997 931 2066 δ’ποτοιν
953 2001 1089 2066 coniecit
1110 2001 1314 2066 Aeolensium
1346 2023 1436 2069 more

292 2105 411 2170 dictam
441 2125 498 2190 pro
528 2099 648 2176 ὅποτι,
682 2125 765 2189 qnae
794 2105 974 2170 coniectura
1003 2123 1194 2188 quamquam
1224 2104 1258 2168 in
1289 2105 1435 2172 editione

295 2216 409 2292 quarta
439 2228 509 2273 cum
541 2201 642 2272 ὅποτ’
669 2205 704 2272 ίκ
728 2207 855 2283 δίσκοις
877 2205 928 2272 ίέν
950 2213 1071 2272 mutata
1094 2215 1155 2284 est,
1191 2207 1299 2272 nescio
1321 2229 1363 2273 an
1387 2210 1437 2275 ita

293 2310 461 2377 retinenda
492 2312 547 2394 sit,
583 2318 619 2375 ut
651 2311 771 2376 formae
806 2305 909 2375 ὅποτε
942 2311 1079 2376 litteram
1110 2334 1130 2374 ν
1158 2310 1300 2375 additam
1332 2312 1436 2379 luisse

297 2434 526 2500 supponamus.
567 2413 775 2498 Eandemque
791 2413 924 2479 formam
940 2413 1168 2479 restituendam
1192 2433 1263 2480 esse
1287 2416 1437 2500 suspicor

185 2519 192 2538 ‘
296 2517 323 2584 0
345 2517 394 2582 III
420 2521 470 2594 13,
495 2515 525 2581 P
547 2517 563 2580 1
589 2520 637 2597 16,
664 2515 693 2582 P
715 2517 764 2581 III
787 2522 816 2598 5,
845 2521 895 2596 74,
922 2515 952 2580 Ρ
974 2515 1039 2580 XIl
1062 2521 1081 2578 6
1104 2517 1137 2581 in
1160 2517 1246 2582 exitu
1266 2537 1431 2584 versuum.

296 2619 482 2686 Audaeulus
504 2620 583 2684 mibi
604 2620 675 2704 ipse
697 2619 824 2700 videor,
858 2639 928 2684 eum
960 2619 1148 2685 coniecerim
1178 2620 1274 2684 etiam
1302 2641 1375 2686 cum
1400 2629 1437 2687 τέ

294 2723 452 2808 particula
479 2723 554 2788 olim
584 2723 728 2788 nasalem
755 2723 844 2786 illum
869 2742 980 2788 sonum
1004 2723 1036 2788 in
1059 2723 1316 2807 pronuntiatione
1339 2725 1436 2790 andi-

233 2815 237 2822 ’
294 2835 361 2892 tum
384 2845 467 2908 esse,
494 2825 570 2892 licet
591 2825 763 2909 vestigium
787 2825 856 2890 eius
879 2827 961 2890 alias
984 2824 1248 2909 deprehenderim
1272 2828 1411 2892 nullum.

380 2965 408 3046 8)
437 2961 555 3028 0V3
604 2963 918 3026 ...Lu-uh!

546 3079 700 3163 Ψαύμιός
725 3105 759 3146 τι
783 3082 873 3166 δῶρα
899 3085 901 3166 l
927 3076 974 3158 ὅς.
1024 3083 1074 3164 51,
1106 3081 1170 3146 lih.
1215 3089 1218 3098 ’

294 3203 414 3268 Unicus
445 3209 495 3267 est
524 3203 629 3268 exitus
656 3203 864 3286 imperfectus
893 3203 926 3266 iu
956 3202 1097 3267 carmine
1128 3205 1166 3265 24
1198 3221 1366 3283 versuum,
1401 3205 1438 3269 in

294 3305 382 3370 exitu
405 3305 557 3371 feminino
581 3305 666 3372 etin
689 3329 728 3368 -a
751 3305 886 3390 pluralis
909 3305 1068 3386 neutrius,
1102 3305 1193 3369 ouius
1224 3311 1344 3370 certum
1376 3327 1438 3372 ex-

296 3409 435 3493 emplum
459 3429 521 3474 non
547 3407 654 3487 adest,
688 3429 763 3473 narn
786 3408 819 3473 in
841 3407 1053 3490 carminibus,
1085 3427 1167 3490 quae
1189 3408 1343 3474 maiorem
1374 3431 1438 3475 nu-

294 3531 415 3576 merum
439 3511 581 3577 exituum
603 3509 859 3596 imperfectorum
883 3511 1053 3591 continent,
1080 3507 1105 3576 0
1129 3509 1171 3592 X,
1198 3508 1302 3590 PIII,
1329 3509 1435 3594 PIV,

294 3612 324 3677 P
352 3613 379 3678 V
410 3614 491 3679 haec
518 3613 698 3679 terminatio
729 3633 790 3679 non
820 3613 1085 3697 deprehenditur,
1124 3597 1150 3678 0'
1180 3613 1261 3677 Xlll
1285 3617 1326 3680 20
1359 3637 1440 3683 vero

295 3716 467 3801 respondet
488 3717 591 3783 tribus
614 3717 754 3782 exitibus
776 3716 982 3801 imperfectis,
1009 3717 1185 3782 sententiae
1207 3723 1316 3782 autem
1335 3737 1442 3786 causa

233 3829 236 3836 “
295 3819 473 3902 corrigendi
502 3827 577 3885 sunt
605 3820 666 3886 loci
696 3819 723 3884 N
752 3819 812 3884 VII
841 3827 859 3883 5
891 3826 923 3886 et
949 3823 1001 3884 53.
1054 3819 1133 3885 Cum
1161 3827 1332 3902 praeterea
1363 3843 1442 3889 ver·

295 3942 350 3988 sus
384 3923 532 4007 paralleli
566 3923 705 4007 quinque
737 3923 770 3988 in
803 3923 916 4006 longas
950 3929 1081 4004 exeant,
1121 3921 1316 3988 correctione
1355 3943 1443 4011 opus

295 4025 526 4092 videturesse.
567 4026 666 4092 Cuius
689 4025 859 4109 vestigium
883 4026 990 4090 neseio
1012 4045 1054 4090 an
1077 4025 1253 4109 praebeant
1275 4027 1444 4097 scholium

296 4134 403 4192 vetus:
431 4127 531 4209 δέχου
553 4129 589 4194 δὲ
612 4125 650 4193 σὺ
666 4135 799 4194 τοιοῦτο
815 4127 923 4213 δῶρον
937 4127 1072 4214 φαιδρῷ
1086 4123 1261 4213 προσώπῳ
1285 4141 1320 4197 et
1343 4133 1446 4201 scho-

295 4230 372 4293 lium
395 4249 516 4310 recens,
544 4232 633 4297 euius
655 4237 766 4296 auctor
786 4230 866 4312 legit
887 4231 1016 4314 quidem
1039 4228 1129 4315 δῶρα
1152 4231 1184 4295 in
1199 4239 1302 4316 textu,
1332 4240 1453 4338 expli-
