3248 4928
282 381 322 442 os
717 415 759 424 -
807 381 892 463 raro]
941 416 980 425 -

280 586 352 633 cum
382 571 415 632 et
442 567 634 653 Palaephati
667 573 699 634 et
728 568 859 635 Oomuti
892 567 983 634 libris
1012 567 1186 634 Eudociam
1219 587 1311 634 usam
1345 585 1418 634 esse

153 743 161 756 ι
281 678 511 754 cognoscerent
543 671 734 738 deterrimis.
788 672 922 738 Fischer
955 671 1086 754 quidem
1118 671 1182 737 iarn
1215 693 1245 736 a.
1273 673 1353 736 1788
1383 670 1417 736 in

280 773 481 859 praefatione
503 774 655 841 editionis
677 774 868 860 Palaephati
890 795 921 860 p.
940 775 989 841 1x
1011 774 1173 842 Eudociae
1201 775 1343 841 codicem
1364 773 1417 838 di-

279 897 408 944 versum
438 877 540 945 fuisse
562 886 660 963 negat
681 880 723 945 ab
746 898 794 960 eo,
830 899 893 962 quo
916 879 1020 946 Aldus
1042 879 1203 944 Manutius
1231 879 1265 944 in
1287 877 1339 944 ed.
1365 898 1413 963 pr.

279 1001 357 1047 usus
379 987 440 1048 cst.
487 983 600 1065 Neque
623 983 761 1048 aliaest
783 982 944 1050 sententia
966 983 1202 1050 Westcrmanni
1226 982 1302 1064 (Sor.
1329 989 1412 1068 poet.

279 1084 353 1150 hist.
380 1085 481 1170 praef.
508 1106 541 1171 p.
560 1087 665 1170 xm).
713 1085 827 1169 Neque
850 1087 1014 1153 Osannum
1038 1085 1138 1170 fugit,
1168 1105 1359 1170 quamquam
1382 1084 1415 1150 in

281 1189 426 1272 partibus
456 1209 474 1254 e
497 1189 635 1256 Gomuto
664 1189 774 1276 petitis
797 1191 951 1256 Villoison
973 1211 1036 1256 non
1063 1211 1167 1276 panca
1188 1189 1315 1256 violarii
1338 1189 1416 1254 vitia

278 1293 425 1374 correxit,
451 1312 469 1358 c
493 1292 704 1359 deterioribus
727 1295 817 1361 libris
841 1294 941 1360 inisse
964 1293 1105 1361 codicem
1128 1295 1169 1360 ab
1192 1292 1335 1359 Eudocia
1356 1291 1415 1356 ad·

268 1395 425 1462 hibitum.
465 1395 524 1477 [Oi.
544 1397 639 1463 Corn.
665 1397 717 1463 ed.
738 1398 858 1481 Osann,
884 1399 987 1484 praef.
1013 1420 1045 1484 p.
1063 1398 1151 1482 XII.)
1201 1397 1278 1482 Ipsa
1299 1397 1415 1462 Palae-

277 1499 367 1584 phati
395 1500 536 1566 editione
558 1501 678 1566 Aldina
705 1523 736 1566 a.
766 1507 846 1567 1505
875 1522 968 1568 usum
999 1521 1072 1568 csse
1100 1500 1226 1567 violarii
1253 1506 1413 1566 auctorem

278 1602 416 1689 Gropius
438 1604 471 1668 in
493 1605 727 1690 philologorum
743 1611 900 1671 conventu
916 1604 1142 1672 Wicsbadcnsi
1159 1607 1240 1670 1877
1257 1603 1319 1669 sibi
1339 1623 1414 1688 per·

277 1726 408 1772 suasum
431 1726 503 1774 csse
526 1708 692 1794 professus
713 1715 773 1774 est.
821 1708 922 1773 Flach
944 1730 976 1794 p.
996 1712 1137 1774 27-32
1167 1727 1257 1774 suum
1288 1706 1412 1773 dehac

275 1831 310 1875 re
334 1811 525 1877 sententiam
555 1812 696 1897 exponit.
744 1811 804 1878 Oui
831 1810 975 1878 Eudocia
1002 1813 1234 1898 Palaephatum
1264 1809 1414 1877 ecodicc

276 1914 409 1999 primae,
437 1937 534 1999 quam
558 1915 678 1996 dicunt,
705 1915 849 1981 familiae
877 1919 904 2000 (e
927 1937 991 2000 qua
1014 1917 1110 1982 etiam
1133 1916 1284 1999 vulgatus
1306 1921 1414 1980 textus

276 2017 441 2085 derivatus
462 2022 520 2103 est)
548 2041 612 2086 non
635 2019 783 2085 dissimili
809 2019 865 2084 illo
888 2018 1028 2103 quidem,
1063 2019 1122 2086 sed
1144 2019 1308 2101 omnibus,
1341 2017 1414 2102 qni-

274 2122 336 2188 bns
358 2143 416 2188 nos
439 2123 566 2208 utimur,
592 2123 764 2208 integriore
782 2123 909 2190 videtur
931 2123 1153 2209 descripsisse.
1201 2121 1333 2189 Cornuti
1355 2142 1414 2186 au-

275 2233 340 2292 tem
363 2227 480 2292 librum
502 2227 536 2292 in
558 2227 693 2294 violario
716 2233 906 2312 usurpatum
928 2247 1121 2311 quamquam
1151 2246 1214 2292 non
1236 2231 1335 2309 negat
1358 2224 1412 2290 de-

274 2330 437 2397 terrimum
468 2349 557 2414 esse,
594 2339 703 2397 tamen
732 2329 908 2398 breviorem
938 2329 1054 2396 nostris
1087 2329 1178 2395 libris
1207 2349 1279 2394 eum
1310 2328 1413 2394 inisse

275 2435 404 2519 alioque
420 2434 532 2501 ordine
554 2435 684 2518 singula
699 2433 851 2500 orationis
866 2435 1010 2500 membra
1024 2432 1221 2518 disposuisse
1236 2431 1410 2498 contendit.

274 2538 368 2616 Quod
390 2558 446 2605 our
468 2538 547 2604 mihi
568 2539 624 2603 ille
647 2559 711 2604 non
732 2537 939 2622 persuaserit,
965 2545 1001 2602 ut
1015 2557 1185 2622 exponam,
1211 2535 1347 2620 primum
1371 2533 1413 2600 dc

273 2641 480 2727 Palaephato‚
507 2649 575 2710 tum
598 2640 639 2707 de
661 2641 801 2707 Cornuto
823 2641 986 2725 agendum
1009 2641 1079 2707 erit.

361 2745 386 2809 Ε
409 2745 691 2810 PALAEPHATO
721 2745 817 2828 igitur
839 2763 918 2828 quos
946 2746 1033 2811 locos
1062 2744 1096 2809 in
1118 2742 1251 2808 violatio
1274 2741 1408 2822 invenit,

273 2871 305 2933 p.
325 2851 366 2912 26
389 2849 489 2914 Flach
512 2855 694 2924 enumerat;
720 2848 827 2914 omisit
849 2848 952 2912 locum
977 2868 1073 2912 unum
1101 2847 1143 2932 (p.
1162 2849 1203 2910 89
1227 2845 1307 2930 περὶ
1326 2845 1413 2908 Βελ-

274 2949 499 3038 λεροφόντου·
526 2945 612 3016 ἀλλὰ
634 2959 740 3017 ταῦτα
763 2951 826 3034 μὲν
844 2947 986 3038 μυθώδη
1009 2987 1052 2997 -
1075 2945 1369 3036 προσανεπλάσθη
1394 2941 1414 3012 ὁ

272 3061 385 3138 μῦθος
401 3057 470 3121 Pal.
486 3057 552 3140 29),
580 3055 660 3121 duos
682 3055 801 3121 iniuria
815 3053 1015 3139 Palaephato
1034 3054 1162 3119 tribuit:
1194 3075 1226 3138 p.
1245 3055 1306 3118 264
1332 3053 1434 3138 περὶ.

271 3166 338 3224 τῶν
351 3157 501 3242 navos,
521 3179 617 3242 quem
633 3180 695 3225 non
707 3159 914 3245 Palaephato,
933 3158 992 3224 sed
1007 3156 1188 3222 Phavorino
1204 3178 1235 3241 p.
1254 3159 1334 3220 1124
1352 3157 1413 3222 de-

273 3263 327 3329 bet
340 3265 493 3346 Eudocia‚
513 3263 605 3328 ouius
620 3263 691 3328 fons
707 3271 757 3329 est
772 3265 881 3328 Tacta.
901 3263 978 3346 Lyc.
995 3263 1075 3336 2323
1101 3259 1310 3342 eiusdemque
1324 3259 1412 3323 Pha-

272 3366 373 3432 vorini
402 3369 442 3452 (p.
462 3367 554 3450 119⁴)
581 3387 599 3432 e
622 3366 722 3450 copiis
746 3373 891 3431 mutuata
906 3373 966 3446 est,
991 3385 1075 3448 quae
1098 3363 1139 3428 de
1163 3363 1291 3447 Lynceo
1313 3363 1415 3428 habet

272 3491 304 3554 p.
325 3471 398 3534 279.
447 3469 619 3535 Phauoriui
643 3469 714 3534 fons
738 3476 787 3534 est
810 3469 916 3534 Schol.
943 3469 997 3532 Ar.
1024 3468 1108 3532 Plut.
1128 3470 1191 3530 2111
1214 3465 1413 3551 descriptum

270 3593 288 3636 e
317 3573 505 3658 Palaephati
534 3593 605 3658 cap.
637 3577 686 3652 10,
724 3572 808 3658 quod
839 3571 1030 3654 l'alacpirati
1065 3575 1160 3653 caput
1192 3569 1234 3633 ab
1269 3569 1415 3634 Eudocia

271 3677 450 3761 excriptum
474 3697 546 3742 csse
562 3676 661 3740 i'lach
690 3697 752 3741 non
775 3683 861 3742 recte
883 3673 1057 3740 existimat.
1098 3671 1302 3736 Adversum
1326 3673 1413 3737 eninr

269 3780 484 3846 Plravorinum
518 3778 669 3864 exprimit
710 3780 789 3844 satis
824 3779 984 3844 diversum
1018 3797 1039 3840 a
1078 3774 1269 3858 Palaephati
1305 3783 1410 3842 textu.

269 3883 449 3951 l'havorino
472 3891 590 3966 autem,
617 3904 679 3948 non
704 3889 738 3948 ut
754 3883 888 3948 Fischer
909 3879 951 3945 ad
973 3877 1129 3964 l'alaeph.
1148 3901 1183 3963 p.
1198 3879 1229 3942 X
1248 3877 1416 3944 existimat

269 3987 356 4054 fonte
379 3988 449 4052 cius
472 3986 600 4052 Scholio
616 3986 714 4051 Arist.
741 4007 800 4050 usa
822 3993 872 4051 est
894 3982 1047 4048 Eudocia.
1096 3981 1151 4048 Sic
1174 3981 1259 4046 cniur
1279 3981 1409 4048 Schol.:

268 4087 442 4176 Λυγκεὺς,
477 4087 514 4166 ὃς
545 4089 675 4174 ἐλέγετο
708 4084 794 4154 εἶναι
824 4087 917 4153 πάνυ
946 4081 1229 4170 ὀξυδερκέστατος
1251 4109 1282 4150 κ.
1308 4110 1339 4150 a.
1366 4087 1411 4166 1.,

269 4203 379 4261 contra
402 4190 559 4277 Λυγκεὺς
589 4187 870 4278 ὀξυδερκέστατος
894 4189 1024 4272 ἐλέγετο
1048 4211 1121 4254 oum
1145 4189 1327 4254 Piravorino
1354 4189 1417 4256 ha-

268 4299 323 4364 bet
346 4297 498 4362 Eudocia.
