3248 4928
333 419 372 479 ro
710 481 714 514 Ι
770 451 812 460 -
860 414 945 496 [aas]
993 451 1035 460 -

334 604 370 670 δέ
393 605 473 690 περὶ
502 610 559 670 τοι·
592 605 731 691 λέβητος
755 641 796 650 —-
820 603 1000 688 ἐνέβαλλεν
1022 625 1040 670 e
1062 603 1166 668 Nonn.
1194 602 1291 687 Greg.
1317 601 1403 666 Naz.
1430 599 1471 676 Π,

339 711 389 772 19.
423 709 436 793 Η
465 710 496 792 3)
523 709 656 792 παλαιᾷ
678 716 711 774 et
726 705 762 772 ἐν
777 699 796 792 ᾗ
813 746 854 755 -
870 712 1031 790 μαντείας
1054 727 1072 774 e
1095 707 1202 772 Noun.
1220 705 1320 789 Greg.
1336 705 1422 770 Nan.
1442 704 1474 769 S.

333 811 445 877 lumin.
473 816 501 876 7.
535 811 548 896 ΙΙ
579 813 608 896 4)
636 815 714 894 Δία,
744 805 816 898 ἢτοι
838 807 898 876 τὸν
921 805 1003 898 ἀέρα
1026 849 1069 859 -
1093 807 1166 898 ἱερὰ
1189 815 1235 894 τῷ
1257 809 1320 874 Διί
1339 830 1383 875 ex
1406 809 1476 893 ipso

332 915 425 981 Eust.
450 915 494 981 ad
516 916 609 981 Hom.
635 937 667 1000 p.
688 919 762 981 594.
795 916 807 999 i}
839 917 868 999 5)
896 911 1021 1002 ταύτην
1043 911 1104 1002 τὴν
1126 911 1337 1000 δρῦν-διὰ
1354 909 1395 978 τὸ
1413 905 1477 977 ἄνα

338 1020 438 1104 (Euat.
456 1020 548 1085 Hom.
571 1023 662 1103 1057)
690 1019 828 1086 Phavor.
847 1021 869 1085 l.
888 1019 910 1084 l.
944 1021 957 1102 ΙΙ
988 1021 1016 1102 6]
1045 1014 1478 1102 καὶᾶλλως-ἱστοροῦσι

339 1123 398 1206 μοι.
425 1123 468 1188 u.
495 1126 566 1204 293,
596 1127 624 1208 a
652 1123 754 1188 Pnav.
780 1123 801 1186 1.
828 1123 851 1187 1.

420 1228 570 1293 Glossam
593 1227 672 1312 περὶ
691 1223 918 1311 Πολυγνώτου
939 1248 972 1312 p.
992 1229 1053 1291 340
1077 1246 1118 1291 ex
1140 1225 1397 1310 Harpocratione
1420 1223 1478 1288 de-

334 1329 490 1416 prompsit
512 1329 647 1415 Suidas,
674 1351 692 1396 e
716 1330 818 1396 Snida
840 1330 1039 1397 Phavorinus
1062 1351 1094 1416 p.
1117 1331 1216 1412 1536,
1249 1327 1477 1395 ePhavorino

334 1433 494 1514 Eudooia;
528 1433 640 1500 vitium
669 1435 752 1500 enim
784 1432 821 1500 έν
845 1428 962 1520 Ἀκείῳ
985 1455 1041 1520 pro
1064 1432 1101 1500 έν
1122 1427 1282 1517 Ἀνακείῳ
1305 1451 1476 1498 oommune

334 1537 467 1603 violario
495 1558 566 1603 oum
590 1543 723 1623 utraque
744 1539 918 1604 Phavorini
941 1537 1082 1606 editione
1108 1542 1189 1603 1523
1212 1545 1244 1603 et
1270 1539 1369 1619 1538,
1405 1556 1475 1601 oum
1587 1561 1588 1576 .

334 1640 367 1705 in
390 1641 509 1707 Suidae
533 1641 641 1708 oodioe
664 1642 752 1708 nullo
775 1649 872 1726 extet,
899 1641 1113 1709 ePhavorino
1136 1642 1226 1723 haee,
1251 1661 1313 1707 non
1336 1638 1477 1706 eSuida

334 1752 462 1831 sumpta
484 1765 556 1812 esse
579 1747 771 1832 comprobat.

421 1850 495 1935 Ipso
518 1849 767 1934 Harpocratione
798 1851 875 1933 quin
905 1871 963 1916 usa
986 1851 1028 1916 sit
1049 1849 1210 1932 Eudooia,
1244 1847 1379 1913 dubium
1404 1865 1475 1912 esse

335 1959 433 2038 negat
454 1953 554 2019 Flaoh
585 1961 715 2039 propter
742 1960 903 2020 servatum
933 1974 973 2019 ex
1003 1974 1040 2020 eo
1071 1955 1188 2019 lemma
1213 1944 1350 2038 Ἑκάτης
1373 1957 1476 2038 νῆσος

334 2057 410 2122 viol.
435 2077 468 2140 p.
490 2060 561 2120 144.
611 2058 655 2122 At
676 2063 711 2123 ut
733 2063 800 2123 tota
820 2058 879 2123 illa
901 2057 1023 2142 glossa,
1049 2057 1095 2122 ita
1116 2057 1234 2122 lemma
1254 2053 1337 2120 illud
1352 2075 1373 2120 e
1390 2055 1475 2120 Pha-

334 2160 444 2226 vorino
466 2160 657 2226 uanslatum
679 2167 738 2228 est.

420 2265 469 2328 Ex
499 2264 614 2330 eadem
644 2264 768 2330 familia
797 2271 893 2349 atque
920 2263 1061 2330 codicem
1083 2261 1345 2350 Harpocrationis
1369 2262 1475 2347 epito-

334 2388 406 2434 mae
436 2369 593 2434 »omnium
621 2368 901 2451 antiquissimum«
930 2367 1129 2449 Palatinum,
1163 2387 1257 2451 quem
1279 2367 1307 2430 E
1330 2366 1476 2431 nominat

334 2471 475 2538 Dindori
492 2471 594 2558 praef.
613 2493 645 2557 p.
664 2471 735 2553 XV,
761 2479 797 2536 ut
819 2471 934 2537 librom
957 2471 998 2536 ab
1021 2471 1165 2537 Eudooia
1188 2477 1376 2554 usurpatum
1400 2489 1473 2534 esse

335 2575 546 2658 demonstret,
579 2576 748 2641 lectionem
771 2571 857 2638 κατὰ
880 2575 1142 2660 Κερσοβλέπτου
1164 2594 1236 2640 oum
1259 2592 1297 2638 eo
1320 2571 1474 2638 exhibere

334 2679 503 2745 violarium
524 2699 556 2763 p.
577 2683 615 2744 37
640 2679 739 2744 Flaoh
763 2677 934 2758 contendit,
959 2699 1023 2744 non
1045 2683 1147 2758 reote;
1180 2697 1255 2742 nam
1278 2676 1381 2742 codex
1406 2676 1475 2740 vio-

334 2782 416 2864 larii,
436 2788 584 2866 utsupra
599 2782 667 2848 dixi
683 2785 724 2868 [p.
738 2787 801 2863 10),
827 2781 1089 2870 κερσοβλέιιτειν
1103 2800 1175 2846 oum
1191 2779 1372 2845 Basileensi
1386 2779 1474 2844 Pha·
1587 2821 1588 2846 2

333 2885 445 2950 vorino
466 2885 574 2951 tradit.
617 2885 731 2968 Neque
754 2905 795 2950 ex
810 2885 876 2951 ullo
891 2884 1154 2970 Harpocrationis
1176 2881 1285 2949 oodioe
1307 2883 1471 2949 inversum
1587 2891 1588 2952 ἶ

334 2987 545 3054 membrorum
568 2989 711 3054 ordinem
735 3010 766 3074 p.
787 2991 827 3053 43
851 2989 931 3074 περὶ
946 2982 1211 3074 Ἀνθεμοκρίτου
1235 2986 1343 3068 habet,
1369 2985 1431 3052 sed
1455 3005 1472 3049 e
1587 3025 1588 3056 r

333 3091 522 3174 Phavorino,
549 3092 718 3176 eidemque
733 3093 875 3176 glossam
891 3093 972 3178 περὶ
988 3085 1242 3179 Ἀμφιδρομίων
1263 3109 1296 3174 p.
1313 3093 1353 3154 39
1371 3096 1472 3155 totam
1587 3091 1588 3136 1

334 3194 445 3262 deberi
468 3216 566 3280 supra
586 3198 679 3281 (11.8)
706 3196 882 3276 doouimus;
908 3197 942 3262 in
963 3217 1028 3280 qua
1048 3214 1132 3278 quae
1147 3195 1246 3260 verba
1267 3192 1382 3258 omittit
1406 3194 1473 3258 Eu-

333 3298 428 3364 dooia
450 3304 642 3376 Λυσίας-
660 3292 677 3365 ὁ
694 3296 804 3384 λόγος,
831 3321 871 3366 ea
893 3299 978 3384 quod
1000 3300 1097 3366 etiam
1119 3299 1160 3364 ab
1183 3297 1321 3382 epitome
1344 3297 1472 3382 Harpo-

334 3402 484 3468 crationis
499 3403 648 3469 Palatina
670 3403 798 3486 absunt,
824 3423 887 3468 non
909 3402 1064 3487 estquod
1086 3402 1254 3481 miremur3
1281 3399 1361 3465 nihil
1384 3399 1471 3465 enim

334 3525 405 3571 oum
436 3505 644 3592 epitomatore
666 3506 828 3573 Endooiae
857 3525 1024 3573 eommune
1053 3513 1102 3572 est
1126 3505 1188 3572 nisi
1210 3502 1379 3571 brevitatis
1402 3509 1471 3570 stn-

333 3609 431 3675 dium,

419 3819 491 3905 §a
537 3819 650 3886 Eidem
688 3818 868 3885 Phavorino
905 3817 1003 3884 etiam
1041 3837 1081 3883 ea
1117 3816 1290 3899 debentur,
1330 3835 1415 3900 quae
1452 3835 1470 3880 e

332 3919 492 3988 ΡΗΟΤΙΟ
522 3922 692 4008 desumpta
720 3928 802 3990 teste
825 3920 959 3988 Flaohio
982 3941 1014 4005 p.
1044 3925 1102 3984 105
1132 3919 1166 3985 in
1188 3919 1323 3985 violatio
1345 3926 1467 3985 extant.

332 4025 416 4089 Nam
431 4047 463 4111 p.
482 4028 541 4090 199
553 4019 735 4110 Ὁμολώῑος
749 4063 793 4073 -
808 4024 845 4092 έν
863 4023 991 4112 Θήβαις
1007 4044 1025 4090 e
1040 4023 1175 4090 Phauor.
1195 4045 1227 4108 p.
1245 4025 1327 4086 1358
1344 4031 1472 4107 sumpta

334 4136 417 4210 sunt,
444 4129 534 4195 ouius
557 4139 606 4195 est
627 4130 699 4195 fons
722 4129 848 4210 Suidas,
876 4149 937 4194 non
960 4128 1106 4193 Photius:
1135 4127 1191 4190 καί
1209 4119 1226 4190 ὁ
1244 4124 1280 4190 έν
1298 4126 1471 4209 Θεσσαλίᾳ

333 4231 438 4312 ΡΙιοῐ.,
465 4233 521 4297 καί
545 4231 581 4298 ἐν
606 4235 707 4298 Θεσσ.
733 4233 823 4299 Suid.
851 4233 987 4303 Phavor.
1013 4230 1096 4297 Eud.
1126 4232 1138 4314 ΙΙ
1165 4225 1338 4312 Ὁμολώας
1360 4229 1467 4308 Ρλιολ.,

329 4327 517 4416 ‘Opotoura
540 4336 630 4402 Suid.
656 4337 792 4402 Phavor.
820 4337 901 4402 Eud.
935 4337 948 4418 ΙΙ
978 4329 995 4399 ὃ
1020 4329 1267 4420 Ἀριστοφάνης
1290 4333 1397 4416 Ρλιοί.,
1426 4324 1469 4406 ὡς
