3276 4932
645 437 689 446 -
736 401 798 482 [89]
845 437 888 446 -
1288 399 1319 460 rr

192 597 248 656 aut
276 609 444 676 perperam
467 589 595 656 additas
617 596 674 655 aut
694 589 778 656 inter
799 608 835 655 se
860 595 1057 674 permutatas
1080 609 1168 671 esse,
1203 594 1238 656 ut
1259 589 1327 655 veri

193 694 234 760 sit
249 693 446 759 simillimum
462 713 518 760 eas
533 693 566 759 in
585 693 759 778 archetypo
781 713 839 778 per
854 691 1045 778 compendia
1060 693 1196 777 sen'ptas
1211 692 1324 760 fuisse.

192 799 266 864 Non
287 798 505 864 necessarium
528 798 654 864 videtur
676 797 717 863 de
731 819 763 861 m
778 797 887 863 littera
909 797 1094 864 testimonia
1115 797 1247 876 afferre3
1275 817 1327 862 re-

193 902 362 986 liquorum,
389 923 471 987 quae
493 902 596 987 posui,
621 900 704 968 haee
725 899 829 967 habeo
852 902 1017 987 exempla:

193 1010 266 1089 178,
301 1019 317 1069 1
351 1007 396 1072 1η·
762 1005 821 1071 tris

194 1115 268 1195 322,
300 1124 316 1174 9
349 1135 408 1197 quo

163 1261 166 1266 -
195 1219 267 1296 343,
302 1227 318 1277 8
348 1215 473 1300 yladior

196 1321 268 1398 359,
303 1331 319 1380 1
352 1327 565 1384 transuersum
763 1325 966 1384 transuersus

196 1427 269 1506 368,
303 1436 313 1485 1
346 1423 491 1507 proximo
514 1423 595 1488 libro
763 1422 917 1506 proximis
929 1422 1019 1488 libris
1033 1421 1262 1506 (Wssmannsp.
1274 1423 1324 1503 30)

195 1532 317 1608 4111,15
350 1551 386 1592 ea
765 1546 822 1592 eas

196 1636 269 1714 419,
303 1644 318 1692 5
353 1631 515 1695 obscurum
765 1630 919 1696 obscurus

358 1735 444 1821 lonpi
766 1735 883 1819 longus

197 1844 271 1922 413,
305 1853 321 1902 6
355 1861 429 1924 1111
766 1858 827 1905 usu

197 1950 270 2026 446,
303 1957 319 2006 9
347 1944 492 2028 patricos
762 1942 885 2028 patrico

196 2053 270 2130 467,
305 2061 316 2110 1
353 2046 488 2112 rationes
765 2047 888 2114 ratione

197 2155 271 2232 474,
305 2162 321 2212 8
354 2150 418 2214 ruis
765 2150 814 2216 sui

197 2259 270 2338 489,
303 2269 318 2317 5
352 2277 390 2319 ea
765 2273 823 2320 eas

197 2363 270 2443 496,
305 2372 316 2421 1
352 2359 409 2444 qui
766 2357 839 2440 quis

198 2469 271 2546 522,
304 2476 320 2525 4
354 2463 489 2527 minores
767 2461 919 2528 minorem

199 2570 271 2650 383,
304 2579 320 2629 9
354 2565 474 2630 accium
503 2565 606 2649 (corr.)
767 2564 883 2631 Accius

198 2674 321 2751 58611
355 2691 476 2734 omnem
766 2688 877 2735 omnes

220 2779 271 2858 23,
306 2788 321 2838 3
344 2773 476 2861 suerint
769 2771 863 2838 fuerit

220 2884 270 2962 28,
305 2893 321 2942 9
354 2878 511 2943 continent
538 2879 640 2958 (corr.)
768 2877 907 2942 eontinet

220 2991 272 3067 44,
305 2997 320 3046 5
354 2982 505 3048 ambirent
531 2983 636 3065 (corr.)
768 2980 869 3046 ambit
890 2987 924 3046 et

220 3093 271 3170 90,
305 3101 321 3151 6
354 3095 571 3170 attemptasset
769 3091 1013 3169 attemptassent

221 3197 273 3273 97,
307 3204 323 3254 9
356 3213 421 3256 esse
770 3195 856 3253 esset
883 3188 1001 3270 (vulg.)

220 3301 272 3376 99,
308 3308 317 3357 1
350 3296 552 3379 parabantur
579 3295 681 3376 (corr.)
766 3293 925 3376 parabant

202 3405 273 3483 113,
308 3411 324 3461 1
358 3407 450 3464 erant
771 3403 840 3462 erat

199 3509 271 3586 171,
306 3515 321 3565 5
355 3504 506 3567 lustraret
769 3501 906 3565 lustrare
934 3497 1096 3582 (Gronov.)

201 3613 275 3692 111,
308 3607 447 3692 rfierat
769 3603 890 3669 fiebant

200 3717 273 3795 181,
306 3724 321 3772 5
349 3709 528 3795 posuissent
768 3707 929 3792 posuisset

200 3819 273 3898 193,
307 3827 322 3876 1
356 3813 398 3878 sit
769 3811 834 3876 sint

199 3925 273 4003 354,
306 3931 321 3982 8
355 3911 557 4000 11111011.)
769 3935 864 3980 axem
987 3913 989 3919 ⁴
1054 3963 1057 3970 ,

200 4030 274 4107 376,
307 4036 324 4086 1
346 4025 458 4110 ferret
566 4015 567 4020 ’
770 4019 854 4084 ferre

200 4133 274 4213 384,
308 4141 323 4190 2
346 4126 461 4214 facias
699 4219 702 4226 1
772 4121 870 4187 saciat

200 4237 273 4315 386,
308 4245 324 4296 8
357 4231 400 4296 sit
771 4225 834 4290 sint

199 4339 272 4418 388,
307 4347 322 4396 1
356 4331 575 4417 rescripserint
770 4328 987 4414 rescripserim
