3226 4932
309 400 327 457 4
748 435 788 444 -
836 399 920 480 [arou
968 436 1010 446 -

307 585 428 651 formae
450 586 588 671 produnt
610 586 691 670 (eod.
711 586 767 652 Gr.
786 591 896 672 3057),
922 588 1059 654 alterum
1083 587 1202 671 (suppl.
1222 587 1272 668 Η)
1302 606 1320 651 e
1344 587 1455 670 priore

306 689 365 755 illo
395 689 587 776 descriptum
618 711 691 758 esse
721 713 761 758 ne
791 692 894 759 obiter
922 690 1053 775 quidem
1083 697 1321 776 comparantem
1351 690 1452 774 fugit.

309 795 477 860 Recentior
500 795 589 876 liber,
623 803 658 860 ut
681 796 750 882 ipse
772 803 918 880 testatur,
952 795 1157 880 Franoogalli
1185 794 1323 860 hominis
1352 793 1453 858 indu-

308 897 406 963 striae
429 897 573 977 debetur,
600 899 651 965 oui
673 919 789 965 nomen
812 907 881 966 erat
903 899 1070 982 Rassiood‚
1097 899 1152 982 qui
1174 919 1205 964 a.
1230 900 1309 962 1718
1333 897 1454 964 deaes-

308 1001 390 1068 sisse
412 1003 559 1068 traditur.
606 1003 775 1086 Antiquior
789 1003 902 1088 sodex,
928 1023 1029 1088 penes
1049 1023 1144 1088 quem
1167 1023 1265 1068 unum
1288 1002 1391 1067 omnis
1415 1001 1451 1066 in

308 1106 369 1173 hae
393 1107 580 1189 quaestione
605 1108 779 1174 auotoritas
802 1116 861 1192 est,
894 1109 927 1174 in
950 1107 1069 1174 charde
1099 1108 1225 1191 magnis
1254 1127 1317 1172 non
1343 1106 1450 1172 inele-

308 1216 423 1294 ganter
453 1217 603 1277 exaratus
634 1219 693 1277 est.
741 1212 903 1278 Prioribus
926 1217 967 1276 44
991 1211 1121 1296 paginis
1150 1211 1329 1276 continetur
1357 1211 1450 1296 oapi-

307 1321 374 1378 tum
396 1313 495 1379 index
518 1315 613 1380 rubro
628 1313 781 1400 seriptus;
809 1316 954 1400 sequitur
975 1323 1082 1382 textus
1105 1317 1167 1380 602
1190 1315 1328 1400 paginas
1351 1333 1449 1379 oeen-

309 1437 402 1500 pans.
451 1417 593 1496 Quarum
623 1419 656 1484 in
685 1420 789 1504 prima
821 1420 908 1505 pieta
937 1427 986 1486 est
1019 1419 1140 1486 femina
1167 1419 1202 1485 in
1232 1417 1340 1485 media
1369 1418 1449 1482 aula

309 1520 427 1585 sedens
450 1521 483 1584 in
506 1521 586 1586 solio
609 1541 717 1604 aureo,
748 1523 836 1606 regio
858 1523 971 1589 induta
992 1529 1116 1608 omatu‚
1143 1523 1237 1588 laeva
1259 1521 1374 1588 librum
1396 1529 1448 1586 te-

308 1643 388 1689 nens
411 1644 509 1690 aureo
531 1631 716 1711 tegumento
739 1625 955 1711 splendidum.
1002 1627 1151 1692 Ambitus
1179 1627 1321 1712 picturas
1342 1624 1448 1690 modi-

310 1747 366 1794 ous
389 1735 448 1811 est,
480 1749 533 1795 ars
561 1729 691 1816 pistoris
721 1729 900 1796 mediocris.
949 1730 1100 1814 Sequitur
1129 1731 1162 1796 in
1185 1730 1299 1796 eadem
1327 1730 1450 1815 pagina

309 1831 421 1898 titulus
444 1834 550 1918 operis
572 1834 666 1899 rubro
688 1833 793 1920 pictus
815 1855 918 1918 aeque
944 1840 1040 1918 atque
1057 1853 1167 1899 omnes
1188 1854 1246 1920 per
1267 1841 1366 1900 totum
1389 1853 1449 1898 vo-

309 1936 417 2001 lumen
440 1937 580 2022 oapitum
603 1937 825 2022 inscriptiones
853 1945 885 2004 et
906 1937 1048 2003 initiales
1070 1957 1154 2020 quae
1176 1943 1330 2002 vocantur
1358 1935 1449 2001 litte-

308 2059 363 2105 rae
391 2039 532 2123 itemque
561 2039 785 2107 adnotationes
815 2041 988 2107 nonnullae
1016 2041 1050 2105 in
1080 2039 1279 2124 marginibus
1302 2038 1446 2105 additae.

309 2143 450 2208 litulum
474 2143 594 2230 exeipit
610 2145 760 2230 epistula,
786 2145 878 2211 ouius
897 2145 996 2211 verba
1018 2163 1120 2228 usque
1143 2143 1186 2210 ad
1209 2137 1450 2210 ἀποσπώντων

308 2247 362 2311 καὶ
387 2245 580 2336 κατάληψιν
601 2248 732 2314 exhibet
753 2250 875 2334 pagina
896 2249 1010 2335 prima.

393 2351 528 2418 Videtur
544 2359 650 2418 autem
673 2351 750 2417 mihi
772 2358 857 2418 totus
880 2351 962 2418 liber
984 2351 1077 2418 unius
1100 2350 1239 2416 hominis
1258 2371 1355 2416 manu
1371 2369 1448 2416 esse

308 2464 476 2538 exaratus,
511 2457 566 2540 qui
587 2456 684 2540 idem,
717 2456 779 2522 nisi
807 2456 910 2538 fallor,
946 2463 1057 2522 auctor
1080 2455 1205 2521 violarii
1234 2454 1305 2522 fuit.
1352 2453 1449 2532 Quod

309 2562 505 2645 atmodum,
536 2582 599 2626 non
622 2562 724 2626 solum
748 2560 882 2626 fontium
905 2567 1130 2646 usurpatorum
1154 2567 1279 2642 natura,
1307 2565 1342 2624 ut
1363 2558 1451 2623 inira

308 2675 494 2750 exponetur,
527 2665 586 2732 sed
609 2665 705 2731 etiam
728 2665 801 2751 ipsa
823 2665 942 2731 oodieis
969 2664 1077 2750 speeie
1101 2662 1253 2730 adducor.
1300 2664 1338 2728 ln
1360 2683 1450 2727 mar-

308 2768 437 2852 ginibus
460 2769 544 2834 enim
567 2768 636 2834 eius
659 2767 825 2834 latissimis
848 2767 1008 2854 permulta
1029 2767 1071 2834 ab
1094 2767 1207 2833 eadem
1231 2785 1338 2848 manu,
1363 2785 1449 2850 quae

309 2877 429 2937 textum
463 2873 589 2956 scribit,
627 2871 782 2938 adnotata
814 2873 1018 2956 leguntur*);
1057 2890 1138 2955 quae
1172 2869 1239 2936 iere
1273 2869 1381 2936 omnia
1413 2869 1449 2933 in

378 3047 401 3108 *l
423 3045 558 3114 Exempla
576 3045 700 3100 locorum
718 3047 747 3100 in
766 3045 873 3100 oodiois
891 3045 1016 3113 margine
1030 3045 1187 3099 extantium
1206 3041 1319 3114 profero
1338 3058 1373 3096 ex
1393 3042 1450 3096 ini·

309 3133 349 3186 tio
368 3133 479 3189 violarii
498 3133 588 3202 petita
605 3132 689 3188 haee:
722 3133 753 3187 P.
768 3135 784 3184 4
802 3131 892 3203 Ἀτρέα
906 3130 936 3184 δὲ
954 3161 989 3170 -
1007 3127 1165 3202 ἱδρυμέναι,
1186 3135 1217 3184 et
1233 3124 1450 3198 Ἀλαλκομενηῒς

307 3221 438 3291 μέντοιγε
461 3250 496 3258 -
520 3223 660 3290 τραφεῖσα
679 3220 819 3272 Βοιωτοῦ.
864 3217 893 3270 Ρ.
915 3219 930 3269 9
956 3213 1159 3289 ἆλεορὸμαντις
1181 3246 1217 3255 -
1240 3211 1447 3286 μαντεύεσθαι.

309 3307 340 3361 Ρ.
358 3309 388 3358 12
407 3311 469 3361 tota
487 3306 583 3374 glossa
601 3305 663 3378 περὶ
681 3308 731 3358 τοῦ
749 3301 868 3376 αἵματος
885 3307 935 3357 τοῦ
955 3301 1119 3374 ἔπιβωμίου.
1157 3303 1189 3357 P.
1206 3304 1236 3354 lt
1256 3299 1367 3354 διὸκαὶ
1388 3297 1451 3370 lepis

309 3389 394 3458 αὐτῆς
417 3423 452 3432 -
475 3392 592 3460 λέγεται.
630 3393 662 3446 Ρ.
681 3395 709 3443 15
735 3387 766 3443 αῖ
790 3390 819 3445 δὲ
844 3387 927 3443 αὐταὶ
951 3393 1031 3455 νῆσοι
1056 3405 1144 3460 usque
1167 3389 1204 3444 ad
1229 3387 1310 3443 finem
1334 3387 1452 3456 glossae

310 3479 372 3551 περὶ
401 3475 505 3532 Αἰόλου
536 3495 570 3533 ex
598 3477 739 3534 Eustathii
767 3479 803 3532 ad
831 3477 998 3548 Dionysium
1024 3475 1200 3545 Periagetam
1228 3475 1449 3529 commentariis.

309 3566 426 3621 Omnino
445 3581 516 3636 quos
534 3581 569 3620 ox
587 3566 637 3620 illo
654 3569 768 3620 auctore
784 3563 900 3618 exhibet
918 3564 996 3618 looos
1008 3563 1136 3617 Eudooia
1147 3568 1213 3617 anto
1231 3563 1312 3632 pli,
1333 3562 1362 3614 in
1374 3577 1452 3615 msr·

308 3657 374 3722 gine
392 3669 488 3708 omnes
506 3652 661 3708 collocatos
679 3652 817 3708 videmus.
851 3651 890 3704 (Ρ.
907 3652 938 3700 37
958 3649 1021 3720 περὶ
1034 3645 1194 3718 Ἀμαζόνων
1211 3647 1300 3704 verba
1317 3643 1452 3700 οἰκοῦσαι

309 3737 379 3813 πρὸς
403 3743 441 3808 τῷ
465 3735 642 3810 Θερμώδοντι
660 3755 678 3793 a
696 3737 864 3793 Villoisonlo
883 3737 1002 3800 omissa,
1030 3752 1057 3804 p.
1072 3736 1105 3788 38
1128 3729 1240 3804 Τράλλα
1262 3762 1296 3771 -
1320 3731 1401 3785 {itta
1420 3743 1452 3788 et

303 3823 430 3898 Ἔφεσον
449 3854 480 3864 -
501 3822 613 3896 ἄφασον
636 3831 665 3879 et
683 3825 712 3878 in
730 3825 827 3892 glossa
846 3821 909 3895 περὶ
926 3820 1092 3892 Ἀμαλθείας
1110 3819 1197 3875 verba
1214 3819 1281 3874 inde
1306 3819 1343 3873 ab
1362 3816 1453 3892 ἕτερον

309 3913 338 3968 δὲ
352 3909 384 3965 τὸ
398 3915 446 3964 τοῦ
459 3908 566 3982 μύθου.
598 3910 690 3976 Quare
708 3911 805 3964 nescio
818 3926 853 3964 an
866 3915 932 3964 ante
951 3925 979 3978 p.
989 3909 1031 3972 lt,
1052 3907 1100 3962 ubi
1120 3905 1183 3977 περὶ
1196 3901 1344 3974 Αἰγύπτου
1364 3915 1454 3976 caput

309 4015 344 4054 ex
363 3999 506 4053 Eustatbii
525 3999 561 4052 ad
580 3997 663 4052 Dion.
683 3997 890 4051 commentariis
915 3997 943 4049 in
968 4001 1048 4050 tortu
1067 3993 1180 4063 legitur,
1206 3994 1236 4047 in
1260 4009 1324 4048 enm
1342 3991 1454 4048 sontem

309 4103 364 4140 non
382 4085 515 4140 inciderit
533 4085 660 4139 Endoeia
677 4091 706 4138 et
724 4099 795 4154 quae
814 4089 879 4137 ante
898 4083 974 4137 illam
993 4081 1123 4150 paginam
1143 4081 1208 4134 inde
1225 4081 1395 4150 deprompta
1415 4081 1457 4135 le-

309 4181 421 4242 guntur,
447 4177 548 4242 postea
569 4172 598 4227 in
621 4171 744 4240 margine
770 4170 934 4236 addiderit.)
972 4167 1029 4222 Sod
1054 4169 1124 4223 satis
1148 4167 1215 4221 mihi
1240 4167 1331 4222 multa
1352 4169 1457 4224 videor

309 4261 462 4330 protulisse
481 4259 617 4328 exempla,
639 4259 740 4329 quibus
759 4257 833 4328 quod
848 4257 912 4312 uolo
925 4255 1073 4312 afliciatur.
1106 4253 1172 4309 Alia
1185 4255 1327 4323 quaedum
1347 4257 1456 4324 passim

309 4345 383 4399 inira
401 4345 550 4398 exhibebo.
