3274 4934
311 387 350 449 aa
746 417 790 434 -
837 387 922 471 [rat]
969 421 1013 435 -

308 575 443 643 Athenis
471 577 505 642 in
535 577 609 661 ipsa
637 576 715 644 urbe
744 576 841 643 fidem
869 577 1121 645 Atheniensibus
1153 579 1380 664 praestituram
1411 598 1449 648 se

309 700 381 746 esse
403 687 602 746 sacramento
623 679 775 746 firmaret.
823 680 864 746 llt
896 687 972 747 tuno
994 681 1123 765 quidem
1145 681 1261 748 harum
1281 681 1449 750 multatum

308 785 408 869 legati
425 801 554 850 coram
570 790 712 850 senatu
728 783 884 849 interisse
898 783 1061 851 videntur:
1087 805 1164 850 num
1179 801 1255 852 vero
1270 803 1398 870 semper
1412 784 1448 849 id

309 889 428 954 factum
451 887 493 954 sit
515 887 686 954 nescimus.
733 887 930 954 Testimonio
959 897 1009 954 est
1038 907 1120 956 unus
1143 889 1199 955 ille
1228 889 1357 972 titulus,
1389 888 1447 971 qui

307 993 421 1060 foedus
437 993 661 1060 Thessalicum
684 994 834 1076 continet,
861 995 915 1060 uhi
935 998 975 1079 (v.
995 997 1045 1080 29)
1074 995 1156 1061 baec
1176 995 1276 1061 verbs
1296 992 1447 1061 etentes

307 1098 423 1164 velim:
457 1091 582 1179 ὀμόσαι
604 1095 640 1161 δὲ
667 1099 749 1180 [alul
771 1096 848 1175 τοὺς
878 1103 1038 1184 πρέσβεις
1069 1097 1147 1176 τοὺς
1180 1105 1246 1164 τῶν
1270 1099 1448 1164 Θετταλῶν

309 1201 352 1266 ἐν
375 1203 481 1288 altile
503 1201 635 1284 βουλῇ
659 1199 738 1277 τοὺς
765 1199 1067 1289 [ἐπι]δημοῦ[υ]σας
1083 1197 1306 1290 liddensem).

394 1321 444 1386 Ad
467 1339 579 1406 paoem
602 1321 654 1388 vel
677 1321 790 1388 foedus
814 1341 883 1388 cum
908 1323 1038 1389 civitate
1066 1324 1174 1406 aliqua
1203 1323 1321 1388 factum
1344 1322 1445 1388 Athe

309 1426 467 1491 niensium
490 1425 616 1490 nomine
632 1425 779 1491 sollemni
794 1426 1000 1492 iureiurando
1018 1425 1208 1492 firmandum
1224 1426 1367 1491 homines
1383 1445 1445 1508 pu-

305 1529 391 1595 blica
429 1527 615 1594 auctoritate
655 1527 791 1613 praediti
829 1551 849 1594 a
882 1529 999 1615 populo
1033 1530 1234 1613 delegantur.
1288 1527 1442 1594 Videmus

307 1639 414 1698 autem
437 1632 479 1696 ad
502 1653 573 1698 eam
595 1653 662 1697 rem
686 1633 767 1698 alios
790 1631 854 1698 alio
877 1639 1020 1718 tempore
1047 1633 1254 1718 magistratus
1277 1631 1441 1698 destinari.

308 1735 435 1814 Quaen
452 1755 570 1818 genere
594 1735 707 1818 quales
730 1735 934 1818 innotuerint,
962 1735 1114 1819 deinceps
1138 1753 1298 1821 exponere
1320 1735 1360 1800 ab
1384 1734 1446 1799 hoc

307 1840 376 1905 loco
405 1859 469 1905 non
498 1839 638 1904 alienum
669 1839 775 1904 fuerit.
824 1839 864 1904 nt
897 1857 1123 1923 persequamur
1153 1837 1282 1922 quidem
1315 1835 1444 1922 lapides

305 1943 557 2028 scriptorumque
579 1943 620 2007 de
644 1943 703 2006 hac
725 1961 759 2008 re
782 1943 964 2008 testimonia
993 1941 1168 2008 secundum
1191 1949 1367 2026 temporum
1389 1961 1440 2006 or-

302 2045 422 2112 dinem.

390 2150 433 2216 Ut
455 2172 475 2216 a
497 2149 679 2235 primordiis
702 2149 864 2214 societatis
881 2147 1033 2215 Deliacae
1056 2147 1306 2234 proficiscamur,
1329 2147 1443 2214 ePlu-

304 2255 406 2322 tarchi
429 2255 610 2321 testimonio
633 2254 854 2336 cognoscimus
876 2255 1001 2320 tributis
1024 2254 1180 2320 sociorum
1215 2253 1342 2319 statutis
1365 2251 1444 2316 Ari-

303 2361 419 2427 stidem
444 2369 475 2426 et
496 2361 653 2425 iuravisse
676 2365 708 2424 et
730 2358 938 2424 iureiuranda
957 2359 1122 2443 accepisse
1143 2358 1250 2441 (Arist.
1272 2361 1341 2440 lbi:
1371 2349 1441 2420 ὁδ’

297 2457 502 2550 Ἀριστείδης
526 2460 680 2549 ἐξώρκισε
703 2463 766 2544 μὲν
788 2457 1034 2548 τοὺςἝλλρυας
1055 2463 1113 2526 καὶ
1128 2457 1258 2543 ὤμοσεν
1271 2453 1358 2546 ὑπὲρ
1376 2464 1445 2522 τῶν

297 2566 484 2656 Ἀθηναίων
505 2565 652 2651 μύδρους
675 2564 830 2649 ἐμβαλὼν
860 2564 917 2630 ἐπὶ
940 2578 1014 2642 ταῖς
1037 2561 1135 2651 ἀραῖς
1157 2565 1205 2641 εἰς
1227 2561 1288 2651 τὴν
1313 2560 1444 2635 θάλατ-

304 2697 375 2738 ταν.
416 2669 509 2750 Quod
531 2671 622 2735 illum
645 2669 773 2749 fecisse,
799 2669 948 2753 quonlam
971 2677 1172 2754 strategus
1196 2667 1441 2735 Atheniensium

302 2783 400 2855 esset,
425 2771 588 2839 Gilbortus
608 2771 721 2856 (Bato.
739 2795 767 2836 a.
786 2773 895 2837 ionem
919 2771 1031 2838 Geaoh.
1050 2771 1172 2836 Athens
1195 2793 1229 2857 p.
1247 2773 1297 2853 64)
1325 2769 1442 2836 existi-

305 2877 415 2941 mavit.
469 2876 554 2941 Sane
583 2895 620 2940 eo
649 2895 747 2958 anno,
784 2893 846 2959 qno
875 2871 989 2942 foedus
1011 2875 1132 2942 lactum
1154 2881 1204 2942 est
1230 2873 1361 2958 (01.75,
1390 2877 1437 2954 4),

304 2977 462 3044 Aristides
485 2985 644 3061 strategus
667 2975 742 3043 fuit:
779 2995 883 3061 neque
912 2997 988 3044 vero
1018 2977 1152 3043 haditur
1173 2985 1288 3062 postea
1311 2997 1440 3061 quoque

300 3103 375 3148 enm
402 3099 533 3147 munere
555 3081 611 3146 illo
627 3080 771 3146 iunctum
786 3099 858 3147 esse
878 3083 1081 3165 (quamquam
1095 3079 1131 3146 id
1145 3081 1279 3164 cogitari
1301 3083 1435 3166 potest).

301 3188 391 3252 velut
412 3206 483 3252 cum
506 3185 630 3250 urbium
645 3182 853 3250 Thraciarum
875 3183 995 3251 tributa
1010 3181 1173 3250 ordinaret
1191 3183 1301 3268 [Thac.
1321 3181 1350 3247 V
1368 3187 1435 3266 18).

302 3290 468 3355 Probabile
498 3289 596 3373 igitur
624 3288 682 3354 hoc
710 3295 833 3354 tantum
863 3288 1051 3372 relinquitur
1078 3289 1168 3352 illum
1197 3288 1273 3370 quia
1294 3285 1440 3354 foederis

300 3393 504 3459 condiciones
527 3391 745 3472 constituerat,
771 3389 869 3457 etiam
892 3399 1091 3458 sacramento
1114 3409 1171 3457 eas
1187 3389 1350 3457 sanxisse:
1378 3409 1438 3457 ne-

300 3515 362 3578 que
391 3495 460 3561 veri
490 3493 636 3560 absimile
665 3501 715 3560 est
743 3511 815 3560 eum
845 3493 925 3560 haec
959 3493 1102 3577 gessisse
1131 3487 1363 3578 αὐτοκράτορα
1393 3493 1437 3559 ah

297 3597 553 3666 Atheniensibus
575 3597 705 3663 lactum.

385 3701 511 3768 Deinde
535 3721 650 3783 magno
672 3701 775 3786 spatio
797 3701 980 3766 intermisso
1003 3699 1046 3766 ad
1069 3699 1181 3766 foedus
1197 3721 1227 3764 a.
1246 3700 1344 3782 tlbsb
1361 3719 1434 3764 cum

371 3979 386 4040 Ι)
409 3975 440 4032 C.
461 3975 482 4028 l.
503 3973 541 4031 A.
557 3977 585 4030 ΙΙ
607 3977 652 4027 ltt
673 3994 699 4032 v.
715 3977 761 4026 23:
783 3973 867 4046 ὅ[ρκῳ
889 3977 1061 4041 comitalibus
1080 3971 1170 4045 ἐν’τῇ
1197 3976 1328 4045 lsslwlll
1352 3973 1437 4040 aluric

300 4060 359 4128 μὸν
379 4057 501 4132 cloppos}
523 4077 578 4116 non
596 4061 633 4116 ad
652 4061 761 4130 legatos
773 4062 905 4131 pertinet,
921 4059 956 4114 ol.
971 4061 1046 4130 pit.
1064 4091 1096 4100 —
1108 4059 1140 4116 ln
1153 4061 1331 4129 strategio
1344 4062 1436 4115 socio-

297 4165 356 4203 rum
376 4149 500 4216 delegati
519 4147 649 4202 iurabant
667 4155 732 4218 post
750 4163 847 4218 pacem
866 4163 928 4202 cum
946 4147 1077 4218 Philippo
1096 4147 1213 4203 laetam:
1244 4145 1378 4202 Aeschin.
1402 4167 1432 4200 n.

297 4251 422 4306 παραπρ.
439 4234 484 4285 85;
507 4228 652 4304 ἐξώρκιζον
670 4230 736 4290 τοὺς
755 4229 921 4303 συμμάχους
939 4229 1183 4286 ottobonianae
1203 4234 1331 4302 πρέσβεις
1349 4231 1381 4286 ἐν
1399 4237 1438 4301 τῷ

295 4319 454 4390 στρατηγίῳ
474 4321 511 4387 τῷ
529 4315 660 4390 ὑμετέρῳ.
