3238 4930
708 505 801 590 [ras]
1283 511 1322 573 οι

185 703 391 762 mutaverunt
406 703 462 761 aut
477 697 509 760 in
525 695 617 776 δόμον
630 703 686 760 aut
700 695 730 760 in
746 685 860 776 δώματ’
876 703 932 760 aut
948 697 980 761 iu
997 698 1111 778 ὄμματ’
1128 696 1324 778 (Wecklein,

186 802 404 886 αοα1.Ειιιὶρ.
428 821 460 886 p.
488 802 573 881 197).

288 904 416 970 Deinde
446 905 575 983 dubito,
605 911 711 968 utrum
743 903 820 970 Eur.
853 904 908 971 Or.
943 907 1142 971 124721267
1178 906 1322 969 codicum

187 1009 283 1074 lectio
307 1010 346 1072 sit
369 1009 505 1078 tuenda:

399 1220 437 1286 τοὶ
461 1230 565 1304 πριῦτα
588 1221 664 1287 κατὰ
691 1221 857 1308 llalaolyda
880 1223 948 1301 ἕδος
971 1225 1115 1307 Ἀργείων

340 1330 865 1412 αοτ.1267υ-Λῶυοοίο
894 1365 914 1372 -·
942 1365 1017 1396 ο-
1099 1367 1140 1377 -

434 1432 522 1514 κόρας
545 1430 689 1496 διάδοτε1
714 1429 770 1512 διξὰ
792 1430 970 1516 βοστρύχων
993 1437 1104 1510 τιαντᾶ,

186 1556 226 1597 an
248 1535 279 1598 in
303 1535 435 1620 stropha
457 1535 620 1620 Hartuugi
643 1537 835 1614 coniectura,
861 1557 944 1620 quac
967 1538 999 1600 iu
1022 1538 1183 1622 plerisque
1214 1537 1325 1602 editic-

186 1637 279 1704 nibus
302 1639 430 1722 legitur,
453 1642 494 1704 sit
517 1639 716 1726 recipienda:

404 1750 443 1816 td
466 1753 562 1833 πρῶτ’
585 1749 642 1816 ἀνὰ
669 1748 836 1834 [Ιολαοδγόν
859 1751 926 1828 ἕδος
945 1749 1104 1833 Ἀργείων,

184 1864 216 1927 ἰα
239 1864 437 1948 antistropha
461 1885 533 1928 cum
556 1864 697 1947 Berghio
722 1861 884 1947 βατράχων
907 1885 964 1948 pro
987 1863 1166 1946 βοστρύχων
1186 1867 1324 1931 scriben-

187 1967 272 2032 dum.

288 2069 382 2135 Fidei
399 2080 505 2137 tamen
526 2072 631 2136 minus
654 2071 771 2135 dubiae
795 2071 871 2136 mihi
895 2072 1043 2136 vidcntur·
1067 2095 1137 2138 esse
1158 2095 1183 2137 c.
1207 2095 1237 2156 g.
1257 2063 1323 2138 hac

186 2173 344 2259 tripediae
360 2173 528 2259 ὁλόκληροι,
551 2196 634 2259 quae
650 2181 706 2238 aut
720 2176 894 2241 versiculos
911 2178 1087 2259 peculiares
1111 2177 1253 2242 efficiunt
1269 2187 1325 2242 aut

186 2299 260 2342 cnm
282 2277 495 2364 praecedente
517 2278 570 2342 vel
593 2285 746 2362 sequente
770 2277 916 2343 dochmio
941 2280 1142 2364 copulandae
1165 2288 1256 2346 eunt:

288 2399 405 2464 Aesoh.
429 2399 538 2484 Suppl.
563 2400 626 2462 430
648 2395 710 2460 α’σό
733 2397 865 2478 βροτέων
886 2400 937 2489 βίρι
961 2401 1046 2478 δίκας
1068 2399 1219 2482 ἀγομέναν

650 2499 781 2584 ἱασηδόν
803 2501 961 2582 α’μτιὺκιον.

475 2612 538 2669 ant.
563 2607 625 2669 435
650 2601 766 2684 ὁπότερ’
792 2599 831 2666 ἂν
852 2605 966 2694 κτίσῃς,
988 2606 1071 2687 μένει
1094 2612 1162 2690 δορὶ
1184 2609 1272 2674 τίνιιν

651 2704 769 2786 ὁμοιΐαν
794 2707 896 2788 θέμιν,

185 2829 240 2893 ubi
255 2825 372 2909 ὀμοαάν
387 2827 572 2892 Klausenus
589 2828 738 2911 restituit,
754 2850 826 2894 cum
843 2829 911 2893 cod.
936 2830 1020 2896 Med.
1037 2833 1191 2917 praebeat
1206 2829 1323 2912 ὁμοίαν.

184 2930 330 2997 Eundem
355 2952 484 2995 versum
508 2931 704 3018 Bambcrger
727 2933 771 2996 ita
794 2935 825 2997 in
851 2942 986 2998 metrum
1007 2934 1225 3000 doohuriacum
1243 2935 1324 2999 redi·

184 3057 259 3120 gere
283 3035 431 3118 studuit‚2
454 3041 489 3098 nt
511 3043 636 3100 retenta
658 3037 689 3099 in
714 3036 913 3124 antistropha
937 3040 1054 3104 codicis
1078 3041 1235 3125 scriptura
1266 3061 1322 3124 pro

184 3137 318 3224 ἷτιττηδόν
339 3141 370 3204 in
394 3141 526 3224 stropha
550 3141 702 3204 scriberet
725 3137 855 3203 ἱοααδόν
879 3142 948 3205 coll.
974 3140 1129 3222 ὁμιλαδόν,
1159 3141 1271 3207 liedda.

291 3243 391 3328 Soph.
415 3243 565 3310 El.1245
589 3241 767 3306 ὀτοτοτοτοῖ
785 3251 874 3306 τοτοῖ
893 3244 979 3318 (cod.
1003 3243 1140 3327 ὀτοττοῖ)

289 3355 354 3412 ant.
381 3349 461 3410 1265
485 3345 619 3431 ἔφρασας
651 3343 836 3428 ὑπερτέραν,
881 3349 942 3411 nisi
980 3349 1011 3410 in
1056 3349 1187 3432 stropha
1232 3348 1323 3412 malis

190 3449 329 3516 scribere
353 3449 493 3514 ὀτοτοτοῖ
512 3456 605 3526 τοτοῖ,
628 3451 659 3512 in
683 3450 882 3534 antistropha
905 3449 1024 3535 φράσας
1046 3469 1104 3535 pro
1128 3449 1273 3535 ἔφρασας.

288 3551 365 3618 Eur.
389 3552 459 3617 Ion.
485 3555 544 3616 796
569 3550 617 3614 ἀν’
646 3549 740 3632 τίγρόν
763 3551 920 3636 ιίματαιήν
940 3553 945 3632 Ι
965 3551 1075 3633 αἰθέρα
1104 3552 1210 3636 αὸρσιο
1240 3553 1326 3635 γαιάς

183 3655 337 3732 Ἑλλανίας
353 3653 365 3738 ll
382 3655 452 3738 Iph.
476 3653 571 3718 Taur.
594 3658 652 3718 651
680 3652 750 3736 (cfr.
774 3676 804 3738 p.
829 3653 886 3739 61)
909 3649 934 3717 nl
957 3654 1086 3739 σχέτλιοι
1110 3656 1235 3736 αομιιαί.
1265 3661 1329 3741 φατ’

184 3765 255 3844 φεῦ,
285 3757 449 3823 διόλλυσαι.

288 3981 368 4046 (lum
398 3981 553 4076 dochmiis
583 3983 790 4067 sequentibus
820 3986 1039 4050 conectendae
1071 3987 1219 4052 videntur
1253 4007 1324 4052 essa

185 4087 247 4152 hae
271 4087 428 4172 tripediae
451 4087 484 4150 in
508 4087 707 4170 singulorum
730 4109 882 4152 versuum
906 4107 1058 4174 corpora:

468 4197 1039 4296 u-u-u-luulsu—

186 4339 393 4350 ———-—....-....

288 4436 296 4470 ¹
311 4434 396 4489 codd.
409 4435 504 4506 κόραισι
516 4438 610 4503 δίδοτε,
624 4434 697 4506 quod
712 4434 847 4491 canterus
861 4438 984 4490 mutarit.
1010 4437 1020 4470 ¹
1035 4437 1133 4504 Opuac.
1145 4436 1213 4504 phil.
1226 4453 1252 4502 p.
1265 4435 1323 4489 lll.
