3226 4932
588 469 631 478 -
679 434 763 514 pan
811 469 854 479 -
1251 435 1291 496 sa

153 629 327 707 cormptum
351 641 424 688 esse
447 621 575 688 videtur
596 621 630 686 in
654 622 811 688 vocabulo
833 622 952 706 primo:
984 620 1108 687 πιστόν
1130 622 1215 687 enim
1238 623 1290 687 ul-

153 727 243 791 timus
266 745 326 811 pes
348 732 398 790 est
420 725 492 808 coli,
518 731 594 790 ante
609 724 694 808 quod
711 725 859 808 syllabae
874 723 1107 802 desiderantur,
1133 731 1289 806 quaeant

152 830 309 914 dactylum
334 835 390 894 aut
411 828 596 894 trochaeum
619 828 767 893 formant.

232 934 285 997 Fr.
306 938 346 996 46
370 953 410 998 ex
432 951 497 996 uno
519 950 614 996 versu
637 938 787 997 constans
809 931 924 1015 incipit
946 932 987 996 ab
1009 931 1075 996 arsi
1098 930 1236 1015 duplici:

430 1029 996 1104 υυ--ώυ--ώυι,.ὐυ-

152 1165 239 1244 Quod
267 1165 293 1230 si
325 1183 436 1230 revera
466 1185 578 1231 versus
607 1165 733 1230 initium
763 1173 821 1248 cst,
855 1165 1079 1250 comprobatur
1109 1165 1169 1230 hoc
1199 1165 1288 1249 frag-

152 1276 255 1335 mento
272 1267 502 1352 Bacchylidem
525 1287 650 1352 quoque
673 1287 823 1334 versuum
845 1268 926 1334 fines
949 1269 982 1332 in
1005 1267 1120 1334 mediis
1135 1269 1214 1334 colis
1231 1289 1288 1354 po-

148 1391 258 1437 sursse.

232 1577 471 1644 Simonides
500 1577 533 1642 in
564 1597 627 1642 uno
653 1576 833 1660 fragmento
855 1577 1002 1659 longiore
1030 1581 1080 1658 (67
1105 1577 1200 1660 ng.)
1228 1575 1287 1642 do-

149 1681 221 1746 ricis
244 1679 355 1746 metris
377 1679 467 1764 puris
486 1699 564 1744 usus
580 1685 640 1762 cst,
667 1680 729 1744 nisi
744 1679 828 1763 quod
844 1681 1022 1744 clausulam
1038 1679 1285 1764 ithyphallicam

148 1785 243 1850 habet
265 1806 296 1849 v
316 1789 352 1861 6,
379 1803 461 1866 quae
485 1789 520 1848 ut
542 1803 670 1848 versum
695 1783 846 1848 claudere
869 1783 987 1867 possit,
1014 1789 1164 1866 quattuor
1185 1785 1286 1868 pedes

147 1888 271 1954 efficere
295 1888 407 1954 debet:

358 1999 975 2051 ἐυα-υυ--.ὐ--.ὐ-υ[
1008 2022 1064 2053 ..Α

182 2129 238 2168 και
228 2103 389 2188 βρότεοι
407 2100 564 2184 παλάμαι
581 2100 765 2186 θραύοντι·
791 2108 908 2186 μωροῦ
924 2102 1039 2188 φωτὸς
1056 2097 1114 2167 ὅδε
1130 2101 1248 2184 βουλά.

232 2217 265 2280 ls
288 2235 414 2297 quoque
438 2213 565 2298 epitrito
589 2221 765 2299 syncopato
789 2213 822 2278 iu
844 2213 908 2279 fine
923 2233 1037 2279 versus
1052 2216 1156 2296 quarti
1172 2217 1282 2282 utitur:

277 2321 677 2399 ,Πάνυ-ωι-ιζ-
703 2338 705 2414 ξ
731 2334 1155 2398 υέ»υ..υυ-...’,,,

144 2435 243 2504 ἀντία
267 2445 374 2504 θέντα
398 2443 499 2520 μένος
524 2435 667 2514 στάλας·
696 2439 699 2522 j
726 2431 862 2503 ἅπαντα
886 2436 949 2522 γάρ
974 2435 1044 2503 ἐστι
1067 2443 1158 2505 θεῶν
1182 2434 1284 2526 ἥσσω.

144 2561 209 2628 Sed
232 2583 304 2628 cum
327 2561 377 2640 id,
405 2560 491 2642 quod
513 2559 677 2642 Diogenes
701 2558 849 2624 Laertius
871 2557 985 2632 tradit,
1020 2565 1130 2625 contra
1152 2567 1286 2626 metrum

143 2665 288 2732 doricum
318 2670 447 2748 peccet:
480 2655 665 2727 ἀντιθέντα
693 2665 795 2744 μένος
826 2659 968 2742 στάλας,
1002 2663 1035 2728 in
1064 2662 1162 2728 dubio
1190 2665 1288 2730 relin-

144 2768 308 2850 quendum
332 2773 390 2846 est,
417 2785 492 2830 nam
516 2764 697 2830 Simonides
720 2765 847 2850 epitrito
871 2773 1048 2850 syncopato
1072 2785 1149 2875 usus
1172 2767 1224 2832 sit.

230 2976 383 3040 Poetae
414 2971 595 3037 scaenici
626 2971 758 3056 stropha
789 2970 898 3036 dorica
926 2992 997 3037 raro
1026 2979 1174 3038 utuntur:
1208 2975 1288 3040 Ae-

141 3077 312 3162 schylus
340 3075 422 3142 bis
414 3096 448 3140 m
470 3074 659 3140 Prometheo
683 3076 745 3138 526
769 3081 802 3139 et
825 3076 886 3138 887
915 3075 989 3158 (Di.)
1018 3075 1143 3141 cantica
1172 3095 1288 3142 secun-

141 3181 220 3246 dum
243 3181 334 3264 leges
349 3177 571 3245 Pindaricasc
555 3178 742 3262 composuit,
770 3177 833 3242 nisi
855 3178 941 3260 quod
964 3179 1052 3302 prius
1074 3179 1287 3264 ithyphallico

141 3283 284 3350 claudit:

141 3490 231 3574 quod
246 3488 332 3554 idem
349 3495 381 3553 et
397 3487 484 3572 apud
500 3485 697 3553 Simonidem
716 3486 988 3571 deprehendimus
1011 3495 1043 3553 et
1065 3495 1178 3572 postca
1193 3489 1288 3555 Euri-

140 3594 238 3679 pides
260 3592 390 3676 recepit.
439 3591 532 3656 Ratio
555 3597 674 3669 autem,
707 3611 763 3656 our
785 3590 931 3656 clausula
952 3590 1168 3676 itlryphallica
1190 3593 1289 3659 intro-

139 3697 242 3763 ducta
271 3696 329 3774 sit,
366 3695 466 3780 plana
500 3701 549 3759 est
583 3693 759 3758 secundum
789 3701 931 3758 nostram
961 3713 1143 3760 mensuram
1172 3697 1289 3782 epitriti

138 3799 314 3868 acatalecti
341 3798 466 3875 finalis,
500 3818 562 3879 quo
585 3797 744 3862 Pindarus
768 3795 915 3880 strophas
939 3797 1088 3863 claudere
1111 3799 1203 3864 solet.
1251 3802 1286 3866 lu

138 3903 279 3970 canticis
303 3903 388 3968 enim
413 3901 570 3966 scaenicis
594 3899 786 3965 adamantur
803 3907 835 3965 et
850 3899 1073 3984 praeferuntur
1088 3905 1288 3988 tetrapodiae

138 4014 176 4073 et
197 4004 365 4092 dipodiae;
393 4025 464 4070 cum
483 4024 557 4070 vero
581 4003 726 4088 epitritus
749 4003 945 4120 acatalectps
968 4003 1074 4069 finalis
1097 4025 1210 4072 revera
1232 4010 1288 4074 tri-

139 4129 207 4192 bus
229 4126 386 4192 ictibus'
377 4125 515 4208 insignis
545 4123 684 4209 tripodia
712 4123 805 4190 sit-'‘-
819 4091 928 4176 ί·
938 4124 1212 4298 ,ithyphallicps
1233 4129 1287 4210 qui

138 4248 281 4330 mdetur,
307 4246 342 4310 id
365 4245 491 4327 estqui
514 4263 626 4310 revera
649 4243 865 4311 dimetiendos
888 4245 1019 4310 ertssv
1158 4246 1289 4334 {epp

137 4350 211 4416 triti
235 4350 305 4414 loco
328 4350 362 4414 in
384 4347 448 4414 fine
471 4348 658 4433 ponebatur.
