3244 4932
274 470 316 534 20
799 465 888 548 [158]

378 658 410 744 c)
434 659 580 726 Dimeter
594 665 743 724 constans
759 679 799 723 ex
813 657 944 725 bacchio
958 665 989 724 et
1002 660 1139 727 diiambo
1152 682 1232 746 puro
1249 659 1291 746 (υ
1302 699 1339 710 -
1352 689 1391 714 e-
1404 664 1408 749 1

273 805 292 836 υ
310 801 347 811 -
368 801 387 835 o
405 764 469 846 —)‚
491 765 580 828 velut

273 868 389 934 Aesch.
405 867 492 953 Sept.
507 870 567 932 767
580 889 588 928 :
603 869 663 932 774
679 872 797 948 βαρεῖαι
809 869 1003 950 καταλλαγαί.
1026 875 1091 934 ant.
1108 871 1177 932 θεοὶ
1193 871 1242 932 καὶ
1253 866 1409 944 ξυνέστιοι.

274 973 330 1038 cfr.
352 973 501 1057 Westph.
524 973 585 1038 1.1.
609 994 640 1058 p.
664 973 736 1035 223.

378 1077 411 1158 d)
447 1076 592 1141 Dimeter
626 1081 773 1139 constans
808 1097 849 1141 ex
884 1075 1009 1141 duobus
1043 1077 1197 1142 bacchiis:
1232 1078 1265 1160 (υ
1283 1118 1323 1128 -
1343 1079 1406 1162 *i

274 1219 293 1252 υ
310 1219 351 1228 ·-
372 1180 436 1262 ι·-·),
460 1181 550 1246 velut

273 1285 391 1352 Aesoh.
415 1285 560 1370 Choeph.
584 1285 646 1348 390
664 1307 670 1347 :
686 1285 748 1348 415
772 1290 912 1361 ποτᾶται,
935 1281 1093 1368 πάροιθεν.

666 1395 730 1452 ant.
753 1385 827 1451 ὅταν
849 1383 944 1451 ιλάὖτ’
967 1387 1101 1466 &natata

274 1495 331 1561 cfr.
354 1493 526 1578 Wostphal
549 1493 569 1556 l.
592 1493 612 1555 l.
635 1513 667 1577 p.
691 1495 763 1556 223.

376 1598 407 1676 a)
435 1598 577 1662 Dimeter
606 1603 756 1662 constans
785 1618 826 1662 ex
855 1595 987 1661 bacchio
1018 1605 1050 1662 et
1080 1599 1197 1662 cretico
1227 1596 1261 1680 (a
1279 1635 1318 1643 -
1340 1625 1378 1649 h
1405 1597 1410 1684 Ι

276 1729 315 1754 ι-
333 1738 352 1773 o
369 1703 434 1783 —)‚
457 1702 547 1768 velut

273 1807 389 1872 Aesoh.
414 1805 473 1891 Ag.
497 1809 558 1874 375
575 1827 582 1867 :
599 1809 661 1871 393

500 1909 685 1992 α’τολμὴταιν
699 1907 791 1994 Ἄρη.
825 1915 890 1974 ant.
914 1913 1097 1989 δικαιωθείς,
1119 1912 1194 1976 ἕποι’.

275 2014 431 2100 Exempla
453 2014 525 2079 vide
548 2013 634 2099 apud
658 2013 806 2099 Wostph.
829 2015 849 2078 l.
872 2014 894 2077 l.
917 2034 948 2097 p.
972 2016 1043 2078 220.

377 2118 407 2201 1)
431 2118 576 2183 Dimeter
595 2125 745 2182 constans
762 2139 802 2182 ex
819 2119 935 2182 cretico
953 2126 985 2182 et
1001 2117 1140 2182 diiambo
1156 2139 1236 2203 puro
1254 2117 1386 2200 (ιη,-

272 2220 584 2305 ff-o—bmm
1312 2219 1313 2222 ’

273 2325 388 2390 Aescb.
411 2325 499 2409 Sept.
523 2327 607 2389 896:
625 2325 686 2388 907
711 2323 846 2406 σώμασιν
869 2323 1107 2408 πεπλαγμένους.

623 2437 687 2493 ant.
709 2427 859 2511 κτήμαθ’,
882 2427 956 2493 ὥστ’
978 2428 1046 2495 ἴσον
1068 2435 1177 2512 λαχεῖν,

399 2531 541 2616 Choeph.
566 2535 602 2596 31
622 2535 682 2596 :41
708 2534 877 2618 ξυμφοραῖς
899 2533 1128 2617 πεπληγμένων.

622 2643 687 2700 ant.
711 2643 772 2714 τοῖς
795 2636 938 2700 κτανοῦσί
959 2637 1146 2718 τ’ἐγκοτεῖν.,

315 2740 392 2806 Eur.
416 2740 484 2804 Ate.
508 2742 571 2804 214
587 2761 594 2802 τ
610 2742 672 2806 228
696 2739 716 2802 ἂ
740 2739 865 2820 πάρεστι
887 2738 1041 2821 κοιράνοις.

402 2845 407 2851 ’
621 2848 684 2906 ant.
708 2841 876 2924 (ἒιιραλξας
899 2841 1050 2924 δάμαρτος
1072 2848 1127 2920 σᾶς
1149 2843 1272 2922 στερείς.

375 2945 530 3011 Videmus
540 2946 632 3010 alteri
642 2966 789 3011 versuum
801 2947 910 3030 generi
920 2947 1024 3012 lucem
1034 2945 1149 3027 afferri,
1161 2947 1334 3012 versibusa
1343 2948 1407 3035 syl·

274 3052 347 3116 laba
358 3051 698 3136 longaincipientibus,
713 3051 764 3137 qui
782 3050 930 3138 leguntur
945 3050 1085 3135 strophis
1101 3051 1243 3116 iambicis
1255 3053 1408 3142 immixti}

275 3155 474 3242 quiquidem
503 3156 600 3240 vulgo
629 3176 738 3221 versus
767 3155 922 3221 trochaici
945 3156 1102 3220 habentur·
1130 3157 1201 3239 lego
1231 3157 1408 3241 apimixeos

274 3280 477 3324 numerorum
495 3259 802 3326 alloeometricorum
819 3261 880 3324 illis
896 3259 1035 3345 strophis
1050 3259 1171 3324 inserti.
1200 3259 1317 3346 Neque
1332 3282 1408 3327 vcro

274 3385 354 3450 opus
371 3370 420 3428 est
442 3363 524 3428 hanc
547 3363 649 3449 legem
666 3369 821 3446 statuere;
842 3365 937 3429 immo
953 3363 1079 3428 iambici
1093 3369 1166 3427 sunt
1178 3363 1222 3427 illi
1237 3385 1359 3446 versus,
1374 3366 1406 3429 in

273 3467 385 3552 quibus
409 3469 543 3533 creticus
563 3469 691 3533 diiambi
714 3469 805 3555 primi
828 3469 897 3532 vioe
914 3467 1067 3554 fungitur,
1091 3467 1143 3552 qui
1161 3469 1330 3552 quominus
1344 3469 1407 3534 hoc

271 3571 342 3636 loco
357 3571 518 3658 iungatur,
541 3573 617 3657 quid
640 3572 817 3658 probibeat,
840 3592 912 3635 cum
935 3571 1068 3637 deloco
1092 3571 1233 3638 secundo
1255 3581 1290 3638 et
1312 3573 1405 3638 tertio

272 3676 334 3740 hoo
355 3699 375 3742 a
397 3679 471 3742 viris
495 3677 596 3742 doctis
620 3677 823 3757 concedatur,
847 3675 995 3761 equidem
1018 3697 1083 3740 non
1105 3677 1269 3762 intellego.

374 3779 469 3846 Addo
499 3803 570 3846 cum
598 3781 658 3846 hac
688 3779 869 3866 explicandi
897 3781 1020 3845 ratione
1051 3780 1192 3866 apprime
1225 3781 1405 3863 convenire,

274 3884 361 3971 quod
373 3892 497 3951 veteres
513 3907 662 3951 numeros
677 3885 865 3964 trochaicos,
881 3905 954 3949 cum
969 3884 1111 3950 iambicis
1126 3905 1181 3949 eos
1194 3891 1406 3969 opponerent,

271 3989 368 4074 μέτρα
390 3987 525 4076 ἀκέφαλα
548 3991 774 4076 appellabant.¹

377 4337 386 4371 ¹
405 4335 459 4387 Cir.
479 4335 579 4397 Christ,
599 4336 691 4388 biotr.²
708 4351 735 4401 p.
756 4333 804 4387 115
823 4338 849 4386 ot
868 4333 932 4400 2753
958 4336 1009 4388 Die
1028 4334 1212 4402 rhythmiscbc
1232 4333 1405 4388 Continuitdt

274 4423 322 4474 dor
341 4422 527 4488 griechischen
548 4423 741 4487 Oborgesr'iugo
760 4435 785 4485 p.
805 4421 844 4473 16.
