3248 4928
308 417 350 478 so
742 457 784 465 -
832 419 916 502 [311]
964 453 1007 464 -

309 613 428 688 extent,
454 606 524 672 lieri
545 627 608 672 non
631 613 735 692 potest
756 607 833 692 quin
856 607 952 674 huius
974 626 1099 690 quoque
1122 605 1183 672 loei
1205 604 1277 670 fons
1299 606 1344 672 sit
1362 604 1454 670 Plia-

308 729 448 775 vonnns.
530 768 538 790 „

395 812 606 878 PLA'PONIS
636 815 774 898 denique
802 813 985 880 SCHOLIA
1013 814 1046 878 in
1071 813 1203 879 violatio
1225 817 1338 878 extant
1361 811 1447 876 duo:

308 917 345 980 P.
371 921 406 981 21
435 903 488 982 ὅτι
513 911 687 984 Ἀπόλλων
716 955 757 965 --
785 911 999 1004 ἀφελομένου
1028 914 1089 1004 τὴν
1115 927 1257 1002 γυναῖκα
1279 937 1298 982 0
1326 915 1448 998 (801101.

308 1020 390 1086 Plat.
416 1040 508 1086 eonv.
531 1025 590 1085 179
603 1022 638 1104 Β]
676 1021 855 1088 Plsavorino
877 1019 994 1087 hausta
1016 1041 1089 1087 esse
1112 1041 1209 1106 supra
1231 1042 1263 1106 p.
1290 1023 1331 1084 26
1365 1019 1448 1084 dixi.

308 1125 344 1188 P.
372 1127 412 1188 39
441 1125 529 1210 Περὶ
557 1118 822 1211 Ἀμφιδρομίων.
872 1119 888 1213 ἡ
919 1121 1005 1190 κατά
1028 1148 1123 1200 τινας
1144 1163 1187 1171 -
1208 1121 1450 1210 προσήκοντας

225 1226 228 1232 ’
314 1227 431 1308 (Sobel.
449 1229 532 1294 Plat.
550 1229 686 1294 Theaet.
709 1233 767 1294 161)
780 1231 817 1313 11)
844 1250 915 1296 cum
938 1237 1005 1296 tota
1027 1229 1136 1312 glossa
1151 1249 1169 1294 e
1185 1228 1369 1293 Phavorino
1388 1226 1450 1292 de-

309 1333 428 1416 seripta
450 1351 523 1398 esse
545 1352 642 1418 supra
664 1354 696 1418 p.
715 1335 735 1397 8
758 1333 863 1400 doeui.

698 1594 821 1670 CAPUT
848 1595 1057 1672 Possumus.

396 1749 500 1831 Atque
529 1750 569 1815 de
592 1750 632 1816 iis
654 1750 783 1834 quidem
806 1749 962 1832 fontibus,
995 1770 1075 1833 quos
1099 1750 1154 1814 uni
1176 1748 1357 1814 Phanoriuo
1380 1748 1450 1812 En-

309 1851 402 1917 doeia
423 1852 528 1934 debet,
556 1853 727 1934 lustenam
754 1873 839 1918 nune
861 1873 917 1920 eos
940 1854 1189 1935 consideremus,
1215 1871 1294 1936 quos
1310 1872 1374 1917 non
1390 1871 1451 1936 per

309 1954 392 2021 hune
422 1957 526 2022 solum
554 1957 687 2042 aecipit,
721 1957 780 2022 sed
809 1958 906 2024 eliam
929 1958 1016 2042 ipsos
1039 1957 1187 2022 consulit.
1234 1956 1315 2021 Sunt
1336 1963 1449 2021 autem

308 2079 349 2124 ex
372 2080 410 2125 eo
431 2080 551 2143 genere
575 2061 624 2125 hi:
651 2060 793 2126 Pollucis
816 2062 1057 2144 onomastieum,
1083 2059 1303 2126 Eratosthenis
1325 2059 1382 2142 qui
1397 2058 1450 2124 10-

308 2169 419 2228 runtur
432 2163 653 2244 eatasterismi,
682 2163 841 2229 Eustathii
856 2164 890 2229 in
905 2165 1078 2231 Homerum
1094 2163 1324 2246 commentarii,
1344 2163 1451 2228 Sohu—

307 2267 352 2331 lia
374 2267 536 2351 Apollonii
559 2266 685 2349 Rhodii,
712 2267 843 2333 Scholia
864 2267 1010 2334 Hesiodi.

393 2473 411 2558 1
439 2479 466 2536 1.
513 2473 721 2540 POLLUCIS
751 2495 792 2540 ex
821 2474 1016 2542 onomastieo
1039 2475 1120 2540 duos
1143 2472 1241 2540 Flaeh
1265 2495 1297 2559 p.
1327 2472 1448 2538 resin

308 2577 440 2643 violatio
469 2577 556 2644 looos
585 2585 812 2644 commemorat
839 2578 994 2661 additque
1017 2585 1184 2662 utrumque
1207 2577 1451 2643 111110οω100-

306 2689 371 2746 tem
394 2701 412 2746 e
435 2682 574 2766 pessimo
604 2681 712 2747 eodiee
735 2681 930 2767 descriptum
954 2703 1038 2748 esse.
1085 2683 1191 2762 Quare
1214 2681 1294 2748 mihi
1314 2701 1356 2746 ex
1380 2701 1450 2746 una

307 2783 482 2848 editionum
516 2805 543 2848 s.
569 2784 646 2849 XVI
685 2785 813 2866 (Aldina
838 2788 937 2868 1502,
974 2786 1102 2852 Iuntina
1129 2789 1226 2867 1521),
1263 2784 1449 2850 Basileensi

310 2888 417 2969 1536),
444 2907 525 2969 quas
547 2909 565 2953 e
587 2887 758 2954 deterrimo
781 2889 862 2954 libro
884 2888 987 2954 foetas
1010 2909 1082 2955 esse
1105 2896 1241 2971 constat,
1266 2887 1448 2972 sumpsisse

309 2989 450 3056 Eudoeia
472 2989 599 3084 videtur
620 2993 761 3075 glossam
784 3014 817 3077 p.
837 2995 877 3055 42
900 2993 957 3056 καὶ
980 2989 1090 3068 ἄλλως
1106 2993 1186 3078 περὶ
1201 2989 1385 3077 πορφύρας
1403 3021 1447 3046 --

308 3093 390 3160 Ρο11.
416 3094 506 3158 145.
564 3096 707 3161 Alteram
737 3097 878 3179 glossam
910 3117 942 3180 p.
968 3097 1009 3160 911
1039 3097 1119 3181 περὶ
1152 3101 1181 3159 Γ
1179 3099 1352 3182 οργιττὶου
1386 3101 1450 3159 τοῦ

309 3196 409 3274 κυνός
436 3219 498 3264 non
528 3219 568 3264 ex
597 3199 668 3284 ipso
691 3199 821 3265 Polluee
844 3199 871 3262 V
895 3203 952 3280 17,
986 3199 1045 3265 sed
1071 3219 1089 3265 e
1118 3199 1297 3266 Phavorino
1321 3221 1353 3284 p.
1380 3203 1448 3264 403

307 3301 416 3367 hausit
438 3301 599 3378 falsarius,
624 3301 727 3368 isdem
749 3301 834 3367 enim
857 3302 964 3368 verbis
987 3309 1082 3387 atque
1103 3303 1161 3368 ille
1177 3303 1329 3369 1111101011
1352 3309 1450 3386 parte

308 3406 404 3488 longe
437 3425 458 3470 a
487 3405 616 3471 Polluce
649 3404 870 3472 resedentibus
904 3405 1082 3490 eademque
1115 3427 1198 3490 quae
1226 3405 1283 3472 ille
1312 3407 1450 3472 exhibet

308 3506 436 3574 menda.

394 3716 412 3801 §
436 3719 466 3779 2.
513 3714 841 3782 nsnnossfluuls
864 3715 1155 3782 eatasterismorum
1171 3719 1333 3802 epitomen
1348 3719 1449 3804 paulo

310 3819 497 3905 ampliorem
521 3827 555 3884 ut
570 3839 642 3884 eum
657 3819 796 3885 Roberto
821 3818 991 3901 {Eratostn
1011 3827 1125 3885 natast.
1145 3821 1308 3905 reliquiae,
1335 3823 1447 3888 Berol.

314 3925 394 3988 1878
417 3945 449 4009 p.
468 3925 518 4006 24)
553 3923 669 3988 leolam
693 3941 765 3988 esse
788 3922 828 3986 ab
852 3921 995 3988 Eudooia
1018 3923 1215 4006 existimem,
1247 3945 1354 4008 neque
1376 3926 1450 3992 vio-

309 4026 382 4092 10111
404 4045 477 4092 enm
499 4025 729 4092 eatasterismis
751 4025 947 4111 comparatio
969 4035 1134 4110 permovet
1154 4047 1258 4112 neque
1281 4029 1368 4112 quod
1389 4029 1451 4095 ille

310 4130 429 4216 profert
451 4130 633 4214 exemplum
657 4149 697 4194 ex
719 4129 801 4194 Eud.
820 4149 852 4213 p.
873 4134 933 4193 407
958 4130 999 4195 de
1014 4130 1194 4214 Hyadibus.
1234 4132 1335 4198 Cuius
1357 4133 1452 4216 glos-

311 4253 367 4300 sae
391 4254 547 4300 summum
570 4231 692 4298 fontem
715 4252 786 4298 esse
807 4233 1010 4299 Eustntlrium
1033 4233 1076 4299 ad
1097 4233 1188 4298 Hom.
1216 4257 1247 4320 p.
1275 4241 1358 4300 1155
1382 4238 1451 4304 ianr

311 4337 408 4403 Flseh
440 4344 525 4402 reete
553 4335 719 4402 indicavit.
773 4337 856 4402 Nam
890 4339 990 4422 (Eust.
1016 4339 1037 4402 1.
1064 4339 1100 4422 l.)
1132 4338 1333 4404 Phavorinus
1365 4345 1453 4406 1788
