3226 4932
239 1275 457 1386 Eudooiauaa
483 1315 682 1401 quaestionis
710 1316 879 1383 adeundae
910 1337 981 1383 cum
1011 1323 1087 1384 ante
1115 1319 1174 1386 hos
1202 1317 1283 1386 duos

150 1443 247 1488 annos
262 1429 372 1488 auctor
386 1423 463 1488 mihi
480 1423 639 1490 extitisset
655 1423 742 1488 Guil.
759 1422 957 1490 Studemund
976 1431 1165 1510 praeceptor
1179 1446 1279 1508 meus,

150 1527 282 1611 primum
305 1533 471 1610 poetamm
493 1547 679 1610 graecorum
701 1527 794 1606 vitis,
828 1547 911 1609 quae
940 1527 974 1593 in
997 1528 1159 1594 Endociae
1182 1529 1285 1596 viola-

150 1630 194 1694 rio
213 1631 373 1713 leguntur,
400 1652 472 1696 cum
488 1631 608 1696 Suidae
631 1630 734 1696 lexico
750 1631 943 1716 comparatis
966 1633 1168 1716 superveni,
1195 1635 1284 1699 utin
1311 1701 1318 1717 ‚

149 1733 194 1798 eis
215 1735 339 1799 violarii
368 1733 488 1800 fontem
511 1735 728 1800 existimarem
751 1755 824 1800 esse
847 1735 968 1801 Suidae
997 1735 1137 1818 aliquem
1167 1737 1282 1802 librum

152 1837 365 1902 deterrimum.
413 1840 441 1902 A
464 1858 528 1920 qua
550 1839 709 1904 sententia
731 1859 802 1904 cum
825 1839 923 1924 plane
946 1838 1107 1904 diversam
1126 1841 1285 1906 loannnes

150 1941 248 2006 Flach
280 1941 314 2006 in
347 1941 428 2008 actis
461 1942 695 2008 Teubneriauis
731 1942 987 2026 (Mittheilungeu
1021 1942 1286 2010 der=Teubned=

148 2046 244 2110 schen
267 2045 666 2130 Verlagsbuchhandluug]
694 2067 805 2112 mense
825 2046 954 2113 Octobri
973 2049 1054 2112 1878
1078 2050 1284 2132 promulgas-

148 2157 205 2230 set,
232 2149 390 2234 cumipse
412 2170 453 2215 ue
469 2151 649 2216 retractatis
665 2149 793 2234 quidem
809 2151 867 2234 eis,
893 2171 977 2234 qnae
992 2157 1066 2218 ante
1082 2153 1285 2237 conquisive-

146 2273 224 2332 ram,
242 2253 441 2336 reliquisque
456 2253 674 2341 biographicis
687 2255 805 2338 glossis
817 2255 1020 2339 examinatis,
1040 2263 1075 2321 ut
1086 2257 1126 2322 ab
1138 2257 1197 2322 illa
1209 2277 1284 2324 seu-

145 2356 246 2421 tentia
260 2356 455 2438 recederem,
481 2363 644 2442 permotus
659 2377 781 2424 essem:
809 2379 849 2424 ue
865 2358 943 2442 quid
958 2359 1175 2443 neglegerem,
1198 2380 1283 2425 anno

152 2462 230 2523 1879
258 2459 389 2526 ineunte
416 2459 549 2525 Parisiis
576 2467 740 2542 versatus,
774 2469 927 2544 quantum
956 2482 1014 2547 per
1043 2463 1196 2547 temporis
1225 2483 1284 2528 au-

144 2562 270 2647 gustias
293 2563 393 2645 licuit,
424 2563 662 2630 accuratissime
685 2564 829 2631 codicem
852 2565 980 2631 violarii
1009 2586 1105 2630 manu
1129 2565 1281 2652 scriptum

143 2685 216 2730 cum
244 2666 382 2732 editione
405 2667 584 2732 Villoisouii
611 2669 803 2753 comparavi.
852 2669 923 2747 Qua
953 2668 1190 2754 comparatione
1219 2690 1282 2734 nou

142 2769 249 2853 magis
272 2791 367 2852 quam
385 2769 509 2836 Flachii
531 2771 612 2836 libro
633 2772 931 2858 (Untersuchuugen
951 2774 1030 2839 tiber
1045 2771 1194 2838 Eudokia
1217 2771 1282 2837 und

142 2871 287 2956 Suidas),
312 2873 346 2938 in
366 2893 460 2956 quem
477 2874 609 2940 Parisiis
625 2895 774 2942 reversus
795 2877 906 2958 incidi,
932 2876 976 2942 ad
999 2875 1182 2941 mutandam
1207 2895 1282 2941 seu-

141 2977 278 3042 tentiam
301 2977 458 3042 adductus
481 2997 563 3043 sum.
611 2979 703 3043 Nova
724 2987 833 3044 autem
856 2979 982 3044 violacii
1007 2979 1157 3060 editione,
1185 2999 1280 3061 quam

139 3081 250 3146 emisit
264 3080 373 3160 Flach,
400 3082 538 3164 aliisque
552 3082 743 3166 quibusdum
760 3084 928 3149 sententiis
951 3103 1053 3168 nuper
1074 3104 1095 3148 a
1110 3083 1188 3148 viris
1203 3082 1281 3148 doc-

139 3184 184 3249 tis
208 3183 248 3248 dc
270 3184 413 3250 Eudocia
435 3185 569 3270 prolatis
591 3193 715 3252 tantum
738 3187 831 3253 abest
858 3193 893 3252 ut
915 3187 958 3252 ad
979 3187 1054 3252 illas
1083 3195 1191 3272 partes
1213 3194 1281 3252 tra-

138 3287 258 3353 ductus
281 3288 359 3368 sim,
392 3295 427 3354 ut
448 3309 554 3354 meum
584 3289 625 3356 de
648 3290 709 3356 hac
731 3291 918 3374 quaestione
944 3289 1094 3356 iudicium
1119 3311 1280 3375 exponere

137 3411 181 3455 ne
205 3410 290 3455 nunc
312 3390 441 3474 quidem
465 3392 619 3458 dubitem.

228 3493 294 3560 Sed
316 3501 488 3579 autequam
518 3495 700 3585 disserendi
729 3497 853 3562 initium
877 3497 1012 3576 faciam,
1046 3497 1136 3563 Guil.
1162 3496 1280 3562 Stude-

135 3595 276 3678 mnudo‚
310 3597 487 3664 studiorum
520 3617 662 3664 meorum
693 3599 808 3664 fautori
839 3599 1088 3679 humanissimo,
1121 3599 1207 3682 quod
1236 3599 1279 3664 ad

133 3699 314 3766 Eudociam
339 3721 391 3767 me
414 3701 561 3784 adduxit,
595 3702 736 3768 maxime
759 3723 811 3768 me
834 3722 907 3768 csse
930 3702 1107 3787 obligatum
1130 3703 1280 3768 conlitcor

132 3803 327 3886 gratiasque
350 3805 381 3870 ei
404 3825 466 3890 ago
488 3805 718 3890 amplissimas.

227 4167 389 4233 Eudociae
411 4167 536 4232 violarii
560 4167 686 4234 codices
715 4188 812 4232 mauu
835 4167 945 4252 scripti
967 4173 1079 4233 extant
1101 4167 1164 4234 duo
1187 4169 1277 4234 Pari-

128 4271 196 4336 siis
221 4271 253 4337 in
276 4271 470 4338 bibliotheca
492 4272 634 4337 maxima
661 4272 745 4356 (bill.
767 4271 957 4356 rationale);
984 4293 1117 4354 quorum
1141 4273 1276 4339 alterum

125 4377 270 4440 saeculo
293 4376 393 4440 XVl⁸⁰
420 4377 571 4460 scriptum
596 4395 667 4442 esse
698 4383 730 4442 et
752 4376 882 4442 chamae
912 4397 1015 4460 genus
1043 4384 1075 4442 et
1098 4378 1275 4444 litterarum

1037 4499 1047 4548 1
1056 4500 1071 4534 ἢ
