3244 4932
283 421 324 484 ιι
801 411 896 496 [roo]

281 611 403 676 tionem
414 607 581 686 fecerunt,¹
594 615 701 672 tamen
712 605 826 691 quibus
837 605 916 672 loeis
928 605 991 670 hoc
1002 605 1179 670 adhibitum
1195 608 1246 687 sit,
1262 630 1416 694 quaerere

282 714 466 795 omiserunt,
488 733 553 776 non
583 711 799 794 neglegenter,
832 708 888 774 sed
917 709 1064 774 consulto
1094 717 1190 796 atque
1219 713 1288 777 sine
1318 711 1417 778 dubio

281 819 364 901 ideo,
387 816 472 904 quod
495 837 590 900 posse
613 814 747 880 discerni
771 814 943 897 negabant,
973 812 1028 878 ubi
1056 815 1332 899 thaumaturgus,
1361 816 1417 882 ubi

281 944 382 1008 pausa
404 928 487 986 esset
510 918 689 998 statuenda,
709 939 791 984 unus
814 918 1027 997 Bellermann,
1050 917 1148 1004 quod,
1170 920 1196 984 si
1219 925 1328 1006 posset
1353 919 1416 986 dis·

282 1028 378 1110 cerni,
400 1023 473 1092 ‘non
495 1020 635 1088 iuvaret!

383 1131 432 1196 Ac
459 1128 603 1216 profecto
634 1127 735 1214 prima
765 1126 894 1214 quidem
920 1127 1027 1212 specie
1055 1127 1114 1192 hac
1143 1128 1177 1193 in
1205 1149 1240 1193 re
1271 1129 1418 1196 omnibus

280 1235 402 1301 indiciis
425 1233 569 1298 videmur
585 1253 654 1298 esse
670 1232 824 1298 destituti.
847 1231 930 1297 Nam
946 1254 1029 1318 quae
1045 1253 1157 1297 norma
1170 1239 1219 1299 est
1234 1233 1417 1313 statuenda,

281 1359 413 1425 pausam
441 1337 500 1402 nisi
523 1343 596 1422 post
618 1336 707 1400 verbi
728 1337 824 1402 tinam
846 1336 916 1400 fieri
937 1359 1002 1412 non
1025 1358 1128 1422 posse,
1158 1357 1228 1402 eam
1258 1339 1416 1404 inversam

282 1443 361 1508 nihil
383 1443 491 1508 valere
513 1462 549 1506 re
571 1441 641 1527 ipsa
662 1447 806 1526 apparet,
827 1461 900 1505 curn
922 1463 987 1506 non
1010 1441 1050 1506 sit
1073 1461 1129 1506 cur
1151 1463 1284 1507 caesura
1300 1443 1417 1526 obstat,

280 1546 450 1632 quominus
473 1545 594 1630 syllaba
616 1566 753 1630 sequens
777 1543 982 1630 producatur.
1019 1544 1140 1610 Tamen
1159 1545 1186 1610 si
1201 1566 1266 1609 non
1281 1553 1415 1630 certum,

281 1658 315 1717 at
338 1657 425 1717 certa
447 1649 709 1716 verisimillimum
732 1655 816 1714 esset
838 1670 973 1734 pausam
996 1670 1066 1714 esse
1080 1649 1293 1732 statuendam,
1316 1651 1343 1716 si
1358 1658 1415 1716 aut

280 1755 430 1842 strophae
453 1760 657 1820 occurrerent
678 1761 736 1819 aut
754 1774 904 1818 versuum
918 1775 1047 1839 genera,
1062 1755 1094 1818 in
1113 1755 1228 1840 quibus
1247 1754 1339 1819 certis
1359 1760 1416 1819 aut

282 1860 428 1925 omnibus
438 1859 493 1924 ubi
501 1878 642 1944 syncopa
650 1859 684 1922 fit
692 1857 769 1922 locis
779 1859 918 1939 διαίρεσις
929 1866 1017 1924 esset
1029 1860 1208 1925 observata
1230 1857 1417 1924 Cuiusmodi

280 1985 352 2029 cum
373 1964 406 2027 in
428 1963 518 2047 poesi
542 1960 737 2026 Graecorum
760 1982 864 2046 neque
882 1962 1034 2046 strophae
1049 1984 1152 2048 neque
1167 1964 1200 2027 in
1224 1983 1262 2027 eo
1287 1961 1417 2048 quidem

280 2067 320 2133 de
344 2088 408 2153 quc
431 2067 500 2132 solo
524 2067 648 2152 agimus
671 2085 799 2150 genere,
820 2065 852 2129 in
872 2087 991 2150 genere
1016 2065 1151 2152 diplasio
1174 2087 1284 2132 versus
1306 2087 1415 2132 occur·

279 2170 377 2253 rant,²
398 2177 495 2256 poeta
517 2168 652 2234 Latinus
675 2169 819 2234 versibus
843 2191 919 2234 usus
943 2176 1001 2252 est,
1030 2170 1062 2234 in
1086 2171 1200 2256 quibus
1230 2176 1416 2236 constanter

281 2297 321 2343 eo
343 2275 425 2356 loco,
449 2294 512 2359 quo
535 2274 615 2338 arsis
639 2279 686 2339 est
708 2273 844 2354 sublata,
868 2294 999 2338 caesura
1021 2274 1064 2340 fit.

382 2377 518 2444 Plautus
534 2377 616 2442 enim
632 2399 750 2464 genere
766 2399 915 2442 versuum
931 2384 1189 2463 syncopatorum,
1213 2379 1299 2465 quod
1316 2401 1415 2444 unum

280 2483 468 2568 composuit,
490 2483 535 2548 ita
557 2504 632 2548 rusus
655 2489 713 2564 est,
736 2487 772 2544 ut
795 2503 833 2547 eo
857 2483 938 2562 loeo,
962 2503 1025 2569 quo
1048 2484 1127 2549 arsis
1151 2483 1279 2565 excidit,
1302 2505 1414 2549 vocem

279 2586 488 2656 terminaret³
532 2587 614 2652 Sunt
636 2587 668 2650 hi
690 2607 801 2652 versus
828 2586 953 2701 dimetri
981 2588 1107 2653 iambici
1139 2589 1314 2654 catalectici
1343 2609 1416 2653 oum

278 2738 422 2803 syncopa
433 2737 542 2783 amcos
552 2719 664 2783 tertiae
678 2709 726 2815 (υ
743 2709 808 2762 ὧ
826 2713 934 2805 ‘',W
950 2715 1416 2805 ),⁰qu1autpecuharemver

277 2848 410 2914 siculum
434 2847 584 2928 efficiunt,
607 2848 697 2914 velut
720 2848 819 2914 Stich
843 2764 890 2914 bb

583 2951 745 3038 Nequctd
767 2955 872 3038 raupta
895 2952 1074 3040 lfdcimus,

276 3064 333 3122 aut
355 3055 496 3141 copulati
519 3062 690 3120 occurrunt
713 3077 783 3121 cum
806 3057 947 3123 dimetria
971 3058 1065 3123 iamb.
1088 3058 1273 3124 acatalectis

464 3171 810 3283 (υῶυῐῡυυῡυ
828 3161 1080 3286 (cathast-
1121 3173 1227 3279 WB)

278 3315 365 3380 velut
388 3311 486 3380 Stich.
508 3317 527 3379 3

363 3418 412 3485 De
431 3420 551 3485 nostris
565 3419 667 3503 factis
684 3419 851 3503 adsciscas,
874 3422 1011 3508 quorum
1030 3423 1092 3486 uiri
1108 3421 1181 3486 binc
1198 3417 1203 3506 l
1220 3421 1346 3506 opstent,

377 3685 387 3719 ¹
412 3681 563 3748 Rossbach,
589 3680 704 3734 (triech.
729 3681 860 3748 Rhythm.
884 3699 912 3750 p.
940 3682 1006 3748 1o03
1033 3681 1176 3734 Rossbach
1201 3698 1228 3740 u.
1257 3682 1412 3762 Westphat‚

275 3769 384 3821 Griech.
403 3768 492 3821 Matr.¹
513 3769 601 3836 praef.
620 3767 690 3834 XX3
710 3767 864 3836 Wostphal,
879 3769 988 3837 Fragm.
1001 3768 1027 3822 d.
1045 3769 1149 3837 griech.
1162 3769 1290 3836 Rhythm.
1303 3785 1329 3836 p.
1343 3767 1411 3838 2623

273 3855 304 3908 h.
322 3855 519 3921 Bellarmann,
545 3854 579 3907 de
605 3855 699 3908 matris
724 3855 884 3923 Sophocleis
910 3863 1030 3909 veterum
1048 3856 1265 3924 rhythmicorum
1290 3855 1414 3909 doctrina

274 3939 448 4010 explicandis
466 3958 492 4009 p·
513 3941 560 4006 173
580 3941 741 4004 Goldrnaun,
760 3942 779 3994 l.
797 3943 814 3994 l.
835 3959 860 4010 p.
878 3941 926 4010 693
946 3942 1048 4006 Christ,
1067 3941 1159 3996 llietr.²
1179 3959 1204 4010 p.
1222 3941 1264 3996 94.

378 4028 438 4079 ²Ia
457 4043 562 4095 genere
582 4027 721 4096 dactylico
742 4033 850 4082 exstare
869 4045 986 4093 versum,
1004 4029 1032 4080 in
1052 4045 1106 4096 quo
1126 4031 1284 4082 constanter
1298 4045 1413 4083 caesura

273 4115 437 4168 observatur
456 4130 488 4166 eo
501 4114 571 4179 loco,
592 4129 646 4182 quo
666 4114 735 4167 arsis
752 4119 793 4168 est
806 4131 962 4206 suppressa,
980 4117 1096 4180 constat,
1115 4117 1221 4188 ἐλεγεῖον
1237 4116 1377 4170 scilicet'
1355 4132 1413 4171 sira

273 4203 473 4267 pentametrum
494 4199 669 4268 dactylicum.

377 4284 819 4350 ³0tr.uui1.stuuemund,de
844 4288 957 4341 canticis
983 4287 1119 4342 Plautinis
1138 4305 1164 4357 p.
1182 4287 1218 4344 29
1222 4289 1295 4344 33.
1334 4289 1412 4343 Idem

273 4372 301 4424 in
320 4371 463 4440 Festgruss
482 4371 532 4426 der
551 4374 654 4442 philol.
673 4375 824 4429 Gcsallsoh.
844 4391 878 4428 au
896 4375 1054 4447 Wdrnburg
1072 4375 1163 4444 (1868)
1181 4393 1207 4448 p.
1225 4373 1336 4434 53-55.

1596 799 1606 1103 l
