3274 4934
786 395 1001 454 ..54-

322 574 501 659 nuscriptos
517 575 678 660 traditam,
697 576 738 642 ad
754 576 888 642 formam
908 579 1145 665 Τρωγλοδῦται
1167 576 1457 644 commendandam

224 743 227 750 Δ
324 675 433 744 valere
449 698 511 744 uon
527 686 642 764 potest.

872 853 908 918 u.

409 989 545 1074 Lepsios
560 991 581 1054 Ι.
602 991 624 1054 l.
647 995 716 1056 165.

633 1167 1042 1219 ΡΑΟΙΘΘΜΙΟΜΑΝΕΓΡΑΥΘΝ

633 1253 1098 1306 ΟΜΑΛΤΑΔΑΛΙΠΑΡΑΙΟΟΚΡΗΟ

365 1393 562 1471 fluctuans
584 1383 616 1471 μ’
636 1383 830 1476 ἀνέγραψεν
846 1383 863 1456 ὁ
880 1388 1051 1456 Μαλτάδα
1067 1397 1268 1476 Λιπαραῖος
1286 1386 1388 1476 Κρής.

408 1563 446 1627 In
462 1562 524 1628 fine
540 1581 653 1628 versus
674 1563 852 1629 hexametri
874 1571 984 1630 auctor
1002 1565 1114 1630 ultima
1128 1565 1269 1648 genetivi
1285 1561 1458 1630 Μαλτάδα

323 1673 468 1752 eorrepta
484 1667 571 1732 vocis
586 1674 787 1754 Λιπαραῖος
803 1667 937 1752 primam
951 1669 1110 1754 syllabam
1127 1669 1285 1754 produxit,
1312 1667 1459 1734 eiusdem

301 1769 550 1856 ,paenultimam
575 1771 737 1856 corripuit.
770 1771 884 1836 Verbis
899 1779 1098 1854 Λιπαραῖος
1115 1768 1205 1860 Κρής
1227 1792 1290 1836 non
1305 1770 1460 1854 designa-

322 1881 372 1938 tur
384 1872 477 1938 homo
485 1873 647 1938 Cretensis
662 1874 694 1938 in
707 1873 933 1958 Liparaeorum
945 1875 1122 1940 Siculorum
1135 1875 1296 1940 civitatem
1311 1879 1458 1960 receptus

329 1978 403 2058 (tum
417 1976 501 2042 enim
515 1997 572 2060 per
583 1981 641 2040 καί
652 1977 798 2062 copulam
811 1977 941 2044 ethnioa
953 1977 1016 2042 duo
1031 1978 1195 2061 iungenda
1210 1984 1310 2058 erant,
1328 1984 1362 2042 ut
1377 1978 1412 2042 fit
1427 1976 1459 2042 in

321 2079 414 2145 titulo
436 2080 607 2165 Olympiae
631 2101 734 2164 nuper
763 2087 887 2164 reperio
908 2081 1004 2145 Kaib.
1023 2102 1054 2145 n.
1076 2085 1135 2144 744
1162 2080 1371 2167 Πραξιτέλης
1389 2131 1395 2142 .
1419 2128 1426 2141 .
1448 2129 1455 2140 .

321 2180 529 2270 Συρακόσιος
611 2235 617 2247 .
638 2183 694 2248 καὶ
711 2189 944 2268 Καμαριναῖος
959 2185 1043 2268 κτλ,
1069 2185 1105 2251 Ο.
1116 2185 1143 2250 Ι.
1159 2184 1199 2250 G.
1218 2188 1302 2248 3426
1317 2185 1350 2250 in
1366 2184 1459 2248 titulo

321 2287 567 2372 Philadeiphiae
590 2293 731 2371 reperto:
765 2285 1009 2375 Ἀρτεμίδωρος
1030 2293 1183 2372 Κυμαῖος
1205 2289 1261 2354 καὶ
1273 2283 1459 2376 Ἀθηναῖος

322 2393 378 2456 καὶ
400 2392 471 2455 κτλ.
490 2391 546 2455 καὶ
569 2385 680 2456 ἄλλων
703 2391 839 2456 πολλῶν
852 2388 996 2457 υιόλεωυ
1017 2392 1184 2480 ruod-eisne,
1213 2391 1460 2458 1617171611-

321 2495 389 2560 tulo
418 2493 576 2580 Delphico
603 2487 741 2570 Ἰούλιος
767 2488 968 2581 Aeropus·
992 2491 1166 2572 Θεσσαλὸς
1185 2489 1373 2570 Ὑιιαταῑας
1403 2493 1460 2557 καὶ

321 2595 458 2684 Δελφός
481 2603 553 2680 eto.)
569 2623 574 2660 :
602 2619 712 2664 verum
733 2597 813 2664 oivis
829 2599 967 2683 Liparae
982 2598 1092 2684 oppidi
1108 2599 1141 2664 in
1156 2599 1262 2664 insula
1277 2599 1374 2664 Creta
1390 2597 1455 2678 siti,

320 2705 396 2769 lieet
412 2705 452 2769 de
469 2703 538 2770 eius
554 2701 693 2768 nominis
708 2702 826 2788 oppido
835 2702 979 2768 Cretensi
992 2721 1147 2786 nusquam
1163 2703 1332 2785 quiequam
1349 2703 1460 2768 trada-

321 2816 382 2872 tur.
414 2809 465 2873 Ita
486 2813 594 2872 autem
617 2826 688 2871 oum
703 2806 838 2872 aliorum
853 2807 1041 2891 populorum
1056 2805 1143 2872 eives
1160 2806 1381 2890 significantur
1403 2807 1455 2888 (ef.

320 2910 354 2976 in
376 2910 469 2975 titulo
484 2910 577 2975 modo
592 2910 692 2975 allato
710 2905 883 2985 Θεσσαλὸς
902 2903 1105 2991 Ὑπαταῖος,
1132 2909 1165 2974 in
1182 2909 1378 2976 Cumanudis
1406 2910 1455 2976 tit.

321 3013 458 3098 sepuler.
493 3014 557 3078 Art.
579 3015 660 3077 1806
670 3005 817 3097 Ἀγεμὼν
842 3009 1010 3088 Θετταλὸς
1033 3017 1297 3091 Σκοτουσσαῑαςς
1324 3011 1455 3078 0.1.G.

325 3119 405 3180 1723
427 3121 584 3204 Χρῐμιιος
606 3115 751 3203 Πρώτου
776 3113 949 3192 Θεσσαλὸς
970 3123 1182 3201 Λαρεισαῑος
1204 3113 1455 3204 Πελασγιώτρς,

320 3224 404 3285 6473
422 3217 604 3308 Σύμφορος
619 3215 840 3305 Σικελλιώτης)
861 3222 1097 3304 Παυσρμλτρςς
1118 3217 1213 3284 Kaib.
1232 3222 1342 3284 n.188
1363 3225 1458 3300 σᾶμα

321 3331 382 3390 τοῦ
405 3329 563 3410 Κουρίου
585 3331 645 3390 τοῦ
668 3323 892 3405 §adapertum
924 3321 1050 3388 ethnico
1074 3322 1197 3408 patriae
1220 3322 1338 3388 nomini
1362 3343 1459 3408 prae-

321 3427 424 3512 posito
440 3427 587 3494 similiter
603 3427 639 3494 O.
657 3427 683 3491 1.
706 3426 744 3492 G.
764 3425 849 3492 Add.
870 3429 952 3490 2477
970 3447 987 3492 o
1005 3422 1176 3502 Θεσσαλὸς
1200 3423 1234 3490 ἐκ
1259 3421 1454 3512 Φαρσάλου,

322 3533 403 3595 1583
423 3529 571 3606 Αἰολεὺς
594 3525 664 3594 ἀπὸ
688 3533 882 3614 Μυυρίυας,
917 3532 999 3594 2907
1023 3525 1175 3614 Κύπριος
1209 3533 1305 3614 γένος
1336 3527 1456 3606 ἐξαλα-

319 3638 463 3716 μῑυος1μ
485 3641 551 3699 tum
567 3633 705 3699 maxime
725 3631 812 3718 apud
828 3633 998 3699 Cretenses
1021 3633 1073 3698 hio
1096 3651 1172 3697 usus
1194 3633 1358 3698 sollemnis
1381 3633 1454 3700 fuit.

318 3737 372 3803 Sio
388 3739 423 3804 C.
438 3737 464 3801 l.
485 3737 524 3802 G.
543 3737 619 3802 add.
638 3737 718 3801 2561
738 3737 758 3802 b
780 3735 904 3801 iudices
926 3743 1142 3800 memorantur
1167 3756 1207 3801 ex
1238 3743 1370 3801 senatus
1392 3737 1457 3802 Ro-

318 3841 404 3906 mani
428 3840 555 3906 deereto
579 3839 646 3906 dati
668 3847 703 3906 ut
725 3839 855 3926 Κρησὶν
874 3833 1028 3915 ’reauma-
1056 3838 1113 3903 καὶ
1132 3831 1375 3924 Ἱεραιιυτυίοις
1404 3840 1457 3904 iu-

319 3944 473 4009 diearent.
509 3944 556 4008 lu.
576 3923 659 4008 6377
676 3943 709 4008 in
735 3943 827 4008 titulo
849 3943 969 4008 Romae
1000 3948 1123 4027 reperto
1150 3940 1267 4024 legitur
1279 3935 1457 4028 Ἐπαφρᾶς

321 4045 411 4134 Κρὴς
437 4044 667 4132 Πολυρήνιος,
705 4047 759 4112 ubi
789 4047 892 4112 Franz
923 4045 1081 4112 hominem
1113 4046 1295 4111 Cretensem
1326 4053 1458 4132 propter

387 4307 404 4369 ¹)
426 4303 575 4358 Diversum
590 4310 635 4358 est
647 4303 678 4358 C.
694 4306 715 4360 1.
737 4305 770 4362 G.
790 4305 853 4356 1590
873 4302 1005 4364 Νικαιεὺς
1019 4301 1075 4356 ἀπὸ
1089 4303 1240 4362 Βιθυνίας.
