3226 4932
314 433 354 493 rr
750 469 791 478 -
840 431 925 516 [arc]
972 469 1016 479 -

400 621 449 685 Ex
471 621 533 687 hac
547 621 659 687 tabula
673 620 755 687 hacc
770 619 940 686 discimus:
968 621 1040 687 cola
1054 621 1215 688 trochaica
1228 622 1262 688 in
1279 621 1368 688 exitu
1386 643 1460 688 om-

315 724 402 789 nium
418 743 568 790 versuum
583 715 816 810 praefemntur,
835 723 958 789 namin
974 725 1090 791 mediis
1106 725 1247 811 strophis
1262 733 1338 792 sunt
1352 729 1439 810 6025
1447 779 1454 808 ,

313 829 345 893 in
360 829 512 896 extremis
528 831 568 894 85
574 835 609 912 pt
616 879 623 911 ,
649 827 789 894 maxime
812 833 919 897 autem
941 827 975 893 in
992 827 1057 895 fine
1072 830 1283 914 stropharum,
1310 829 1364 896 uhi
1381 831 1459 897 cola

313 933 474 1018 dactylica
496 937 571 998 sunt
595 937 633 995 15
638 937 689 1015 76.
735 931 927 998 Differentia
950 951 1026 998 vero
1047 931 1218 998 intercedit
1239 933 1335 1016 hacc,
1366 933 1458 1017 quod

313 1035 345 1101 in
376 1035 527 1102 mediis
556 1034 696 1119 strophis
719 1035 790 1100 cola
810 1033 973 1101 trochaica
994 1035 1027 1100 in
1050 1035 1203 1102 extremis
1224 1035 1371 1102 versibus
1394 1057 1458 1122 po-

314 1138 376 1204 sita
391 1139 491 1204 multo
506 1137 637 1223 saepius
659 1137 932 1204 masculinnm
956 1138 1076 1204 exitum
1091 1138 1211 1205 habant
1230 1139 1334 1223 (tint)
1354 1159 1456 1224 quam

313 1239 501 1306 femininum
528 1241 654 1324 (1375),
687 1239 721 1308 in
744 1241 941 1307 extremis
964 1241 1104 1327 strophis
1125 1249 1235 1308 contra
1256 1242 1361 1308 exitus
1385 1249 1457 1309 tro-

312 1343 415 1410 chaici
429 1343 600 1410 masculini
621 1345 724 1428 (2725)
745 1344 881 1410 rariores
896 1363 991 1428 quam
1015 1343 1205 1410 feminini
1232 1347 1335 1429 [ὅθί]
1363 1353 1454 1414 suut.

312 1447 353 1512 Et
374 1446 403 1514 si
425 1446 531 1516 exitus
545 1446 742 1515 masculinos
756 1454 789 1512 ct
803 1446 973 1516 femininos
987 1453 1110 1514 tantum
1127 1447 1350 1530 disccmimus‚
1376 1467 1453 1514 oum

311 1569 441 1632 versus,
473 1549 526 1633 qui
555 1549 588 1614 in
617 1549 732 1616 mediis
755 1549 894 1635 strophis
916 1550 1128 1617 mascnlinum
1151 1551 1271 1616 exitum
1293 1551 1453 1632 habeant,

312 1653 376 1718 sint
400 1654 494 1736 7025,
528 1652 583 1737 qui
605 1652 793 1718 femininum
817 1655 911 1736 ΒΘΖ,
945 1653 978 1718 in
1006 1651 1070 1718 fine
1096 1654 1298 1739 stropharum
1321 1674 1450 1736 versus,

309 1756 364 1840 qui
387 1755 506 1821 exitum
529 1756 739 1822 masculinnm
762 1757 920 1836 habeant,
952 1761 1027 1821 sunt
1050 1759 1088 1820 37
1095 1763 1130 1839 95
1137 1809 1144 1834 ‚
1177 1758 1231 1841 qui
1261 1757 1454 1824 femininum

310 1861 403 1942 aaa.

838 2048 855 2131 u
881 2052 910 2112 a.

395 2169 456 2235 His
485 2168 672 2254 praemissis
700 2167 743 2233 ad
772 2167 981 2252 explicandos
1009 2187 1065 2233 eos
1092 2187 1205 2234 versus
1231 2177 1449 2238 transeamus.

310 2273 362 2358 qui
385 2272 542 2358 incipiunt
564 2272 606 2338 ab
628 2271 693 2336 arsi
721 2271 782 2356 (vel
805 2270 897 2337 brevi
919 2271 971 2336 vel
990 2270 1121 2356 ancipiti
1143 2272 1195 2338 vcl
1211 2271 1308 2356 longa
1330 2273 1383 2338 vel
1400 2273 1455 2337 di-

311 2376 463 2461 syllaba).
509 2376 548 2440 In
571 2373 808 2440 enumeratione
831 2373 961 2456 quidem
984 2372 1001 2457 ξ
1021 2378 1034 2438 1
1061 2373 1151 2440 nulla
1173 2375 1242 2440 oola
1265 2375 1449 2458 citavimus,

310 2500 393 2562 quac
415 2478 541 2544 initium
565 2477 693 2562 capiant
715 2477 757 2542 ab
780 2477 855 2561 arsi.
895 2477 988 2542 Nunc
1004 2495 1134 2542 causam
1149 2476 1323 2544 addemus:
1349 2480 1450 2562 arsis,

310 2603 329 2647 a
351 2602 415 2665 qua
436 2600 549 2647 versus
570 2581 747 2661 incohatur,
778 2580 926 2664 rhythmo
949 2580 1151 2647 adnectenda
1173 2587 1223 2647 cst
1244 2581 1337 2658 thesi,
1365 2601 1453 2665 quac

308 2703 435 2749 versum
464 2683 706 2750 antecedentem
736 2683 868 2749 claudit.
916 2681 1006 2762 Quae
1036 2684 1207 2770 explicatio
1235 2684 1451 2750 iamdudum

307 2787 451 2854 adhibito
474 2787 577 2854 estin
599 2787 665 2853 illis
688 2787 851 2867 versibus,
885 2787 939 2870 qui
969 2807 989 2852 a
1018 2787 1115 2872 longa
1144 2787 1194 2854 vel
1225 2787 1357 2871 ancipiti
1382 2789 1451 2853 arsi

305 2889 469 2975 incipiunt,
496 2910 525 2956 e.
551 2910 582 2974 g.
610 2887 707 2955 0111
731 2895 785 2954 str.
815 2895 826 2952 t
855 2897 887 2954 et
910 2893 950 2953 22

549 2991 1226 3041 .'.w-w---'.v--.'w-w!

305 3221 343 3265 ao
365 3219 468 3285 paene
491 3219 601 3266 omnes
624 3199 684 3264 viri
707 3199 791 3265 docti
814 3199 879 3265 arsi
903 3197 1042 3265 seeundo
1065 3195 1171 3263 versui
1188 3197 1372 3283 praeposita
1387 3199 1451 3264 tri-

305 3304 433 3389 podiam
456 3303 649 3389 dactylicam
672 3303 910 3386 catalecticum,
937 3323 1019 3386 quae
1042 3321 1169 3367 versum
1193 3301 1328 3387 primum
1354 3303 1450 3368 clau·

305 3407 378 3487 dat,
410 3405 619 3472 acatalectam
649 3405 718 3471 fieri
748 3412 869 3491 putant.
918 3407 1041 3470 Tamen
1071 3403 1170 3469 multo
1200 3405 1316 3470 certius
1343 3425 1450 3489 argu-

305 3516 444 3574 mentum
469 3509 530 3577 etsi
553 3509 748 3593 negativum,
775 3529 837 3592 quo
861 3508 941 3575 haec
960 3508 1133 3593 explicatio
1149 3507 1360 3590 confirmetur,
1389 3529 1450 3574 su-

305 3614 453 3680 mendum
485 3621 535 3679 cst
563 3614 605 3679 ab
634 3613 759 3678 arsibus
782 3611 951 3698 disyllabis
974 3611 1007 3678 in
1030 3631 1179 3678 versuum
1202 3611 1292 3677 initio
1315 3613 1445 3698 positis.

304 3717 515 3783 Condiciones
538 3717 633 3798 enim,
660 3717 775 3800 quibus
797 3723 962 3800 apparent,
989 3713 1051 3781 hae
1075 3722 1164 3780 sunt:

393 3823 420 3902 1)
447 3819 538 3885 Arsis
561 3819 724 3903 disyllaba
746 3819 779 3883 in
800 3819 893 3884 initio
915 3837 1029 3884 versus
1052 3837 1208 3900 nusquam
1225 3819 1353 3902 ponitur
1369 3829 1451 3886 ante

303 3923 465 4008 epitritum
486 3927 546 4004 lW
557 3923 580 3968 —'
592 3941 617 3969 υ
629 3961 649 3968 -
662 3961 683 3968 -
699 3974 705 3986 .
720 3924 755 4006 .),
775 3923 833 3988 sed
848 3929 904 3987 aut
919 3929 993 3988 ante
1009 3919 1171 4006 dactylum
1190 3933 1249 3998 {w
1262 3921 1285 3968 -'
1296 3941 1346 3969 w
1360 3959 1382 3969 -
1402 3975 1407 3986 .
1424 3931 1448 4008 ‚ju

302 4035 358 4092 out
380 4033 455 4092 ante
478 4026 606 4111 longam
630 4026 791 4092 trisemam
820 4027 878 4109 (w
897 4043 922 4079 1-
939 4027 962 4072 έ
977 4048 1001 4073 v
1018 4061 1039 4070 -
1061 4076 1066 4087 .
1091 4076 1096 4088 .
1120 4025 1137 4108 .)
1169 4031 1225 4090 aut
1246 4033 1322 4090 ante
1346 4047 1451 4111 spon-

303 4131 397 4196 deum
423 4129 512 4195 ouius
535 4129 605 4195 vioe
629 4129 718 4214 fungi
740 4135 844 4215 potest
866 4130 1035 4195 trochacus
1065 4129 1124 4212 [w
1139 4165 1159 4174 -
1177 4127 1201 4173 Υ
1216 4129 1238 4174 -'
1254 4146 1305 4192 υ.
1331 4179 1336 4190 .
1360 4137 1396 4214 .).

391 4235 420 4316 2)
447 4233 584 4315 Versus,
618 4233 672 4316 qui
694 4232 801 4298 versui
823 4233 864 4298 ab
886 4233 950 4298 arei
978 4231 1140 4316 disyllaba
1160 4231 1326 4316 incipienti
1350 4254 1452 4319 prae-

306 4337 408 4417 cedit,
441 4355 596 4419 nusquam
627 4335 693 4402 exit
721 4337 753 4400 in
784 4335 944 4419 epitritum
968 4335 1187 4402 catalecticum
1217 4337 1235 4418 (.
1258 4385 1265 4396 .
1288 4337 1337 4398 .-’
1353 4359 1379 4384 υ
1396 4339 1453 4428 ΕΙ
