3258 4924
666 473 877 536 ..49-

207 667 297 754 τρίτῃ
319 663 369 730 ἰπὶ
392 661 465 730 δέκα
487 669 544 728 τοῦ
565 666 807 748 Σκιροφοριῶνος
827 660 924 747 μηνός
950 695 986 708 -
1011 661 1032 746 η’
1055 662 1082 727 δ’
1105 661 1246 748 ἐκκλησία
1268 663 1348 745 μετά

207 776 324 847 rorico,
354 767 388 832 ἐν
408 763 430 856 ᾗ
455 765 551 832 πάντα
582 765 621 832 τὰ
656 765 809 848 πράγματ’
847 765 1009 832 α’πώλεσαν
1048 791 1131 831 ουτοι
1161 765 1347 848 ψευσάμενοι

207 874 254 936 καί
278 869 614 958 cacostomacha,
636 875 678 958 τῇ
700 869 773 958 ἕκτη
795 867 845 934 ἐπὶ
867 868 941 934 δέκα
964 867 1100 952 ἓγίγνιτο
1123 874 1180 935 τοῦ
1202 873 1348 955 Σκιροφο-

207 978 322 1056 ριῶνος.
360 975 418 1038 59:
450 971 511 1038 α’πδ
534 974 634 1038 τοίνυν
659 971 773 1056 ταύτης
795 981 952 1052 πεμπταῖα
975 973 1138 1056 λογίζομεν
1168 1011 1206 1021 -
1238 973 1349 1038 οὐκοῦν

208 1074 287 1154 εἰκάς
313 1113 352 1123 -
376 1075 490 1158 ὑστέρα
513 1076 611 1141 τοίνυν
641 1074 773 1160 δεκάτη,
797 1073 907 1160 ἐνάτη,
930 1075 1032 1160 ὀγδόη.
1073 1075 1173 1166 ταιίτγγ
1196 1075 1351 1160 ἐγίγνονθ’

207 1180 238 1245 αἱ
261 1182 387 1245 σπονδαί
409 1181 459 1244 καί
481 1177 581 1244 πάντα
604 1177 691 1242 minei
709 1175 863 1260 πράγματ’
891 1177 1049 1244 ἀπωλώλει
1079 1183 1128 1244 καὶ
1151 1179 1236 1258 τέλος
1257 1177 1347 1264 εἶχεν.

208 1291 254 1373 τῷ
275 1289 367 1350 τοῦτο
389 1287 503 1368 δῆλον,·
533 1287 574 1371 τῇ
596 1281 720 1363 τετράδι
750 1283 918 1368 φθίνοντος
946 1281 1162 1368 ἠκκλησιάζετε
1190 1284 1249 1366 μὲν
1277 1284 1348 1350 163²

206 1386 293 1468 ὑμεῖς
317 1386 350 1452 δν
375 1391 517 1470 Πειραιεῖ
534 1389 602 1468 περὶ
626 1391 690 1450 τῶν
712 1384 746 1450 ἓν
768 1393 830 1464 τοῖς
854 1387 985 1467 νεωρίοις
1008 1392 1067 1451 etc.

310 1490 448 1576 Reliqua
471 1489 602 1556 decreta
623 1510 705 1575 quae
720 1489 879 1578 permulta
898 1489 1009 1554 laudat
1025 1489 1260 1556 Demosthenes
1276 1512 1348 1556 oum

208 1595 241 1659 in
264 1595 462 1660 orationibus
484 1593 620 1680 pubhcis
643 1599 711 1657 tum
733 1592 765 1657 in
788 1591 968 1658 forensibus
989 1593 1171 1659 adscribere
1195 1595 1301 1660 omnia
1318 1601 1350 1660 ct

209 1698 340 1782 longum
364 1705 395 1762 et
417 1697 529 1762 inutile
552 1703 615 1773 est,
646 1697 809 1780 potiorum
839 1703 945 1762 tamen
974 1717 1058 1780 quae
1089 1697 1120 1760 in
1151 1697 1350 1762 iudicialibus

210 1801 407 1866 orationibus
438 1806 657 1866 memorantur
686 1797 786 1864 habos
817 1805 1040 1885 conspectum:
1070 1799 1191 1866 XVIII
1221 1802 1349 1866 25—29

213 1901 335 1986 (contio
360 1903 614 1989 Elaphebolione
644 1910 718 1988 post
747 1923 860 1986 pacem
882 1903 1120 1968 Philocrateam
1142 1903 1284 1986 habita);
1308 1906 1348 1968 37

211 2006 264 2088 (ολ.
280 2007 373 2072 Dem.
388 2007 473 2072 XIX
489 2009 530 2071 58
546 2027 614 2092 sqq.
630 2008 681 2084 86,
699 2007 778 2086 125;
793 2005 909 2072 Aesoh.
926 2005 1051 2085 11139;
1075 2003 1211 2090 11180);
1236 2009 1293 2089 563
1308 2008 1349 2071 73

210 2109 269 2194 (ol.
295 2109 420 2193 110,2);
447 2112 502 2190 833
529 2111 705 2190 11531183
732 2111 792 2172 169
822 2108 943 2190 (contio
968 2108 1130 2174 extraord.
1155 2109 1196 2175 ol.
1224 2109 1349 2192 110‚2);

211 2214 291 2290 222;
314 2212 381 2277 XX
392 2217 433 2278 35
447 2211 504 2295 (de
515 2212 684 2292 Leucone;
708 2209 876 2295 oiddia.
894 2210 944 2274 VI
958 2210 1050 2293 152);
1075 2215 1116 2276 44
1140 2211 1192 2294 (cf.
1206 2209 1328 2276 omn
1336 2235 1346 2277 1

211 2338 240 2381 n.
264 2319 321 2396 853
339 2313 461 2400 Ἀθήνα
484 2313 532 2377 VI
555 2313 650 2399 480);
681 2318 740 2394 543
764 2317 822 2394 633
847 2316 903 2398 703
927 2315 1071 2395 84-86;
1102 2317 1181 2394 115;
1208 2317 1268 2379 159
1292 2313 1348 2398 (cf.

213 2419 336 2486 Andoc.
360 2417 375 2481 1
399 2421 542 2502 96-983
565 2419 644 2506 Lyo.
669 2417 866 2501 124-127);
890 2417 975 2482 XXI
997 2419 1027 2498 8,
1044 2421 1079 2498 93
1103 2417 1206 2482 XXII
1220 2420 1262 2482 20
1274 2424 1349 2498 σίας

213 2521 329 2587 XXIV
344 2525 399 2600 113
422 2519 544 2604 [Dem]
567 2519 697 2586 XLVII
710 2524 766 2602 203
789 2522 868 2602 L43
894 2524 948 2602 133
970 2519 1063 2602 L143
1089 2519 1352 2604 [Dem.]LIX2;

214 2629 250 2706 43
277 2627 456 2689 104—105.
501 2625 551 2690 Do
580 2625 717 2710 publicis
746 2625 972 2690 Demosthenis
1004 2624 1201 2690 cretionibus
1223 2625 1255 2688 in
1279 2646 1353 2689 con-

214 2729 302 2792 tione
324 2727 442 2794 habitis
466 2733 538 2812 post
560 2728 598 2792 A.
616 2727 827 2792 Schaeferum
850 2727 994 2812 aliosque
1018 2747 1119 2812 nuper
1143 2729 1261 2815 optime
1286 2729 1353 2812 egit

217 2830 255 2895 G.
270 2829 385 2896 Hartel
409 2829 708 2910 ,Demosthenische
723 2830 876 2916 Antra'ge‘
901 2832 933 2896 in
951 2829 1141 2896 Commentt.
1156 2831 1354 2897 inhonorem

215 2933 406 2998 Mommseni
435 2933 560 3019 scriptis
590 2955 618 2998 a.
644 2937 723 3000 1877
751 2957 781 3022 p.
806 2937 868 2998 518
891 2955 958 3019 sqq.
992 2939 1024 2998 et
1055 2933 1353 3017 ‚Demosthenische

214 3033 359 3103 Studien‘
381 3038 408 3102 I.
438 3037 579 3102 Vindob.
605 3039 697 3102 1877.
741 3037 868 3102 Ρασοοιι
890 3037 1056 3102 contiones
1080 3039 1120 3102 ab
1145 3037 1213 3104 aliis
1236 3057 1355 3102 memo·

213 3149 301 3208 ratas
324 3143 356 3206 in
380 3143 500 3208 tabulis
523 3163 580 3206 suo
606 3162 767 3228 quamque
789 3142 860 3207 icoo
884 3143 1003 3210 notavi.

713 3373 792 3440 Osa.
812 3393 857 3440 ιτ.

542 3507 574 3584 1)
596 3503 647 3569 De
670 3523 804 3570 numero
827 3504 1021 3570 contionum.

317 3659 388 3724 Iem
411 3659 560 3724 absoluta
583 3659 623 3722 de
650 3658 730 3723 locis
760 3657 894 3742 singulis
922 3657 1142 3742 disputatione
1170 3659 1355 3742 priusquam

214 3761 388 3845 videamus,
411 3762 563 3847 quidnam
586 3761 626 3825 de
650 3763 777 3843 diebus,
802 3762 917 3846 quibus
941 3761 1106 3826 contiones
1130 3761 1260 3826 habitae
1282 3761 1356 3843 sint,

215 3867 311 3932 statui
332 3867 445 3951 possib,
466 3865 601 3950 primunr
618 3866 739 3951 paucis,
762 3872 842 3950 quot
861 3865 1025 3932 contiones
1041 3863 1219 3932 ordinariae
1234 3864 1355 3930 fuerint

216 3966 455 4054 disquirendum
478 3975 536 4034 est.

317 4072 427 4156 Atque
452 4071 619 4136 Aeschinis
643 4071 714 4137 loco
731 4070 767 4135 II
785 4072 841 4136 72:
866 4073 1024 4155 ἐκκλησίας
1038 4070 1221 4156 συγκλήτους
1237 4072 1356 4150 πλείους

216 4171 432 4258 ἠναγκάζεσθε
455 4173 660 4258 ἐκκλησιάζειν
681 4171 702 4259 ἢ
726 4171 781 4250 τδς
804 4171 987 4256 τεταγμένας
1009 4176 1042 4239 ἐκ
1062 4175 1124 4238 τῶν
1139 4173 1238 4255 νόμων
1262 4177 1356 4240 doce·

216 4297 302 4362 mur,
334 4285 414 4362 quot
442 4280 608 4344 contiones
638 4284 745 4343 essent
773 4275 942 4342 habendae
972 4277 1097 4362 legibus
1119 4277 1218 4344 fuisse
1242 4280 1356 4343 consti·

216 4385 330 4446 tutum.
376 4380 535 4446 Numerus
565 4387 674 4451 autern
703 4381 772 4465 ipse
801 4381 984 4446 contionum
1014 4403 1034 4444 a
1056 4381 1270 4465 grammaticis
1292 4390 1356 4446 tra-

1234 4485 1250 4536 4
