3274 4934
735 381 948 442 ..14-

305 555 307 560 ¹
432 564 723 644 Φοονεισοολανὸς
746 565 898 652 ένθαδε[ὶ
923 569 1121 652 Χαρ1ελσιος

430 668 615 758 στρατηγὸς
634 664 843 756 Ἕρμιάνθιός
865 695 900 736 τε
928 674 1004 754 [καὶ]
1031 668 1162 736 Λάτων
1184 666 1314 758 πάτρης

430 770 522 860 άγων
544 771 699 860 δάμαρτα
724 775 899 856 Φουλβίαν
921 769 1091 862 άκ[ήκ]οεν

430 886 502 962 σοῦ,
529 883 683 961 Μέμνονι
710 873 907 966 ἠχήσαντας,
934 873 1038 966 ἡνίκ’
1056 872 1086 965 ii
1112 876 1218 965 ntra

431 976 513 1069 ἡσὴ
536 988 682 1064 χυθεῑσα
706 979 768 1046 σὸν
790 981 895 1065 δέμας
918 1001 1115 1068 απ-υφει·
1393 995 1408 1042 5

430 1082 542 1160 θύσας
564 1084 601 1149 δέ
623 1085 680 1148 καὶ
703 1089 847 1162 σπείσας
869 1109 905 1150 τε
927 1074 1039 1170 ncipit!
1062 1106 1124 1150 σον
1146 1080 1256 1149 κλύων

430 1181 522 1254 τοῦτ’
541 1181 643 1264 αὐτὸς
664 1182 807 1276 ἠάτησεν
828 1187 877 1265 εὶς
900 1192 1019 1272 osirim
1040 1188 1154 1264 κλέος·

471 1289 576 1358 λάλον
597 1291 660 1374 μέν
681 1289 788 1376 Ἀργὼ
809 1304 892 1369 παῖς
915 1289 993 1375 έ[ὠν
1016 1289 1079 1377 έγὼ
1098 1286 1236 1375 μάθον,

472 1393 576 1462 λάλον
598 1395 634 1460 δὲ
658 1391 769 1482 φηγὸν
790 1393 851 1484 τὴν
872 1395 972 1480 Arbis
994 1396 1218 1480 Πελασγικοῦ,

474 1499 511 1564 σὲ
534 1493 566 1564 δ’
584 1494 689 1566 αὐτὸν
712 1495 826 1576 ὄσσοις
848 1507 976 1582 μοῦνον
998 1496 1156 1586 stimuum*
1178 1497 1281 1581 έμοῖς,
1379 1509 1409 1560 10

473 1597 517 1680 ὡς
539 1598 642 1680 αὐτὸς
664 1601 755 1692 ἠχεῖς
777 1605 834 1669 καὶ
856 1603 941 1692 βοήν
962 1598 1027 1670 τιν’
1050 1603 1201 1688 [ἐκχέας
1309 1622 1320 1650 ‘x

429 1714 549 1774 τοῦτον
571 1708 608 1772 δέ
631 1731 686 1772 σοι
707 1705 832 1794 χάραξι
854 1706 914 1773 τὸν
936 1709 1067 1792 στλχο[ν
1080 1724 1106 1755 u
1121 1745 1143 1754 —

430 1809 467 1887 ὃς
490 1805 597 1876 εἵπετ’
616 1807 706 1898 αὐτῷ
729 1812 892 1898 φίλτατος
914 1815 946 1894 ri
962 1829 988 1858 o
1002 1849 1024 1858 —
1041 1829 1066 1860 υ
1082 1849 1122 1875 -.

361 1916 474 1982 Totins
496 1915 713 1999 inscriptionis
737 1917 922 2002 apographo
944 1917 1078 2000 repetito
1093 1922 1126 1982 et
1140 1916 1235 1998 quale
1251 1915 1346 1980 fucrit
1360 1915 1410 1980 la-

276 2039 378 2086 cunae
403 2020 543 2104 spatium
566 2027 710 2104 apparet,
736 2028 768 2086 ct
787 2020 1029 2086 emendationes
1044 2039 1125 2102 quas
1140 2020 1199 2086 viri
1216 2019 1299 2084 docti
1316 2018 1410 2083 Bailii

275 2123 463 2208 apographo
486 2123 536 2187 usi
563 2130 798 2208 temptaverunt
820 2132 1031 2190 removentur.
1081 2123 1119 2188 V.
1139 2127 1157 2186 2
1179 2123 1213 2187 in
1235 2143 1312 2188 voco
1337 2119 1410 2186 ΕΡ-

275 2222 499 2291 ΜωΝΘΙΟΟ
527 2225 635 2292 littora
655 2226 687 2291 0
709 2227 812 2292 minor
833 2227 949 2294 ceteris
977 2234 1145 2312 propterea
1166 2226 1292 2294 videtur
1314 2247 1410 2311 supra

276 2351 402 2396 versum
415 2337 548 2396 exarata
558 2349 643 2408 csse,
658 2331 743 2412 quod
755 2325 963 2416 Ἓρμώνθιος
977 2331 1060 2396 inter
1074 2330 1341 2415 pronuntiandum
1354 2331 1411 2395 tri-

277 2435 437 2520 syllabum
452 2442 511 2500 est.
523 2471 565 2480 -
577 2434 645 2499 V.3
662 2429 833 2522 ἀνήλυθεν
848 2433 987 2500 Kaibelii
1004 2435 1260 2519 supplementum
1276 2433 1413 2515 vestigia

276 2539 395 2604 tradita
415 2545 579 2622 respuunt.
619 2537 783 2604 Letronnii
805 2559 880 2606 vcro
902 2539 1038 2604 lectione
1053 2533 1204 2624 “ἀκήκοεν
1225 2545 1355 2622 recepta
1369 2537 1412 2602 ad

277 2642 460 2726 genetivum
483 2648 545 2706 σοῦ
568 2635 752 2728 ἠχήσαντας
774 2641 1001 2726 explicandum
1022 2663 1085 2707 non
1107 2661 1187 2727 opus
1210 2649 1259 2707 est
1274 2661 1413 2728 praepo-

278 2746 391 2811 sitione
407 2743 503 2810 ένεκα
519 2766 614 2828 quam
630 2767 661 2811 v.
681 2751 700 2808 4
716 2745 837 2811 Baiiius
858 2765 950 2812 suum
973 2753 1100 2811 secutus
1120 2745 1339 2831 apographum
1361 2766 1413 2812 re-

279 2839 395 2936 posuit.
435 2850 570 2914 Versum
591 2855 732 2915 tautcm
748 2849 812 2914 iam
827 2851 931 2914 Franz
947 2850 1129 2915 coniectura
1152 2843 1239 2936 ἡνίχ’
1263 2842 1282 2936 ἡ
1305 2847 1412 2937 μήτηρ

279 2951 486 3036 probabiliter
508 2954 722 3037 suppleverat.
757 2953 840 3018 Nam
856 2953 936 3018 Ellis
964 2953 1080 3036 (Herm.
1100 2953 1177 3019 XIV
1198 2973 1230 3038 p.
1249 2957 1320 3037 260)
1342 2973 1412 3019 curn

278 3049 297 3142 ἦ
320 3053 427 3142 μήτηρ
443 3054 499 3120 ἵνα
515 3095 557 3102 -
572 3055 773 3122 scribendum
788 3064 990 3142 proponeret,
1009 3057 1175 3122 immemor
1189 3055 1250 3122 fuit
1264 3058 1413 3122 lacunam

278 3167 353 3224 ante
369 3179 478 3225 vocem
494 3156 601 3248 μήτηρ
617 3165 759 3225 notatam
775 3179 858 3226 esse.

364 3263 403 3327 V.
414 3267 432 3325 b
445 3270 477 3328 et
485 3263 645 3328 Letronnii
656 3263 751 3328 lectio
764 3256 897 3349 άποροῇ
909 3267 1027 3350 στέφει
1038 3271 1070 3330 ct
1079 3263 1264 3330 Grotefcndi
1278 3257 1413 3348 άπαομῇ

279 3371 397 3453 στέφει
418 3366 555 3450 spatium
579 3367 800 3451 supplemento
821 3367 855 3431 in
873 3373 989 3452 ectypo
1005 3369 1150 3434 relictum
1165 3366 1336 3440 excedunt;
1364 3367 1414 3430 vi-

279 3470 394 3536 dentur
407 3470 491 3535 cnim
504 3489 567 3534 non
578 3470 717 3554 amplius
729 3489 824 3552 quam
841 3475 925 3533 4-5
938 3471 1063 3537 litterae
1075 3470 1286 3536 intercidisse.
1312 3470 1415 3535 wila-

279 3573 457 3638 mowituius
478 3573 613 3638 coniecit
632 3566 720 3658 ἆμφ’
735 3567 824 3648 Ἠὼς
846 3577 979 3660 στέφειι
1005 3595 1069 3658 qua
1083 3575 1265 3640 coniectura
1279 3593 1342 3638 non
1358 3573 1416 3638 de-

278 3679 428 3760 claratur,
447 3697 511 3759 qua
526 3697 560 3742 re
576 3676 752 3741 Memnonis
767 3675 870 3759 figura
885 3685 1061 3744 coronetur.
1102 3677 1256 3763 Similiter
1269 3676 1417 3762 peccavit

279 3781 359 3846 Ellis
375 3801 445 3845 cum
461 3781 483 3844 l.
496 3781 520 3844 l.
539 3779 643 3862 δέμας
658 3783 857 3865 περιστέφει
872 3781 967 3845 scribi
983 3782 1090 3846 vellet.
1122 3782 1195 3864 Ipse
1211 3801 1281 3846 cum
1298 3780 1415 3866 proba-

280 3883 385 3950 biliter
399 3903 526 3949 vorsum
541 3883 708 3949 restituere
725 3884 860 3948 servatis
876 3883 990 3950 litteris
1006 3883 1066 3946 ΑΠ
1076 3929 1086 3950 .
1096 3930 1105 3949 .
1117 3865 1215 3966 ..ΦΕ
1221 3881 1229 3946 Ι
1247 3891 1333 3948 certo
1349 3890 1416 3948 tra-

279 3986 354 4052 ditis
370 4007 538 4070 nequeam,
557 3987 705 4052 lacunam
721 3993 851 4052 notasse
868 3987 946 4052 satis
961 3987 1070 4053 habui.

366 4091 403 4156 V.
423 4095 441 4154 6
458 4089 573 4156 Kaibel
589 4087 702 4165 θύσας
718 4089 754 4154 δὲ
771 4091 856 4156 male
872 4091 1006 4155 mutavit
1025 4091 1059 4156 in
1082 4087 1194 4166 θύσας
1210 4113 1263 4168 τις
1289 4090 1417 4156 coniec-

281 4201 351 4258 tura
365 4194 421 4257 καὶ
436 4190 547 4259 κλύων
562 4199 679 4280 σαφῶς
694 4195 840 4276 quamvis
856 4195 1044 4260 sententiam
1061 4213 1174 4259 versus
1189 4195 1270 4260 beno
1285 4213 1417 4259 assecu-

280 4304 332 4362 tus
347 4317 419 4363 csse
435 4296 596 4376 videatur,
623 4296 717 4360 Bailii
740 4303 916 4363 commento
937 4297 1061 4364 litteras
1078 4291 1158 4362 wc
1177 4297 1209 4362 in
1226 4297 1288 4363 tine
1305 4317 1417 4363 versus
