3258 4924
779 468 994 529 -.00-

422 657 486 732 Qui
507 655 569 722 looi
591 655 753 741 quomodo
777 654 1095 740 interpretandum,
1119 651 1315 718 uidendum.¹
1349 651 1458 735 Atque

318 762 423 826 looum
445 761 535 826 ilium
559 760 790 825 Demosthenis
809 759 1012 824 Sohoemsnn
1036 758 1077 822 de
1099 779 1179 822 oum.
1202 777 1233 842 p.
1256 757 1298 820 50
1320 755 1458 820 referen-

318 863 394 928 dum
416 870 511 949 putat
533 863 573 928 ad
597 873 745 948 tempore
771 861 935 926 festorum.
981 861 1026 925 At
1048 861 1283 926 Demosthenes
1306 879 1378 923 oum
1399 857 1459 924 do·

318 968 500 1032 minationis
528 967 622 1030 unius
652 964 827 1031 commodis
860 969 1002 1049 opponet
1032 964 1203 1028 tardiorem
1232 963 1263 1026 in
1293 959 1458 1046 republios

316 1069 418 1134 libera
445 1068 562 1152 agendi
589 1067 736 1146 modum,
766 1088 830 1152 quo
862 1067 959 1133 etiam
987 1064 1066 1129 illud
1089 1065 1258 1150 portinere,
1281 1063 1368 1150 quod
1389 1085 1455 1130 nou

317 1193 443 1260 semper
457 1171 640 1238 contionem
656 1171 774 1236 habere
788 1171 893 1256 liceat,
915 1171 972 1236 sed
990 1167 1064 1234 ὅταν
1079 1171 1112 1234 ἐκ
1127 1174 1189 1232 τοῖν
1204 1166 1305 1250 νόμων
1320 1165 1456 1255 καθήκῃ,

318 1282 404 1342 oerte
437 1275 476 1340 de
507 1274 604 1338 rebus
634 1275 776 1359 loquitur
808 1273 955 1339 omnibus
986 1271 1191 1338 contionibus
1223 1271 1455 1338 eommunibus.

318 1377 419 1444 Festa
440 1383 549 1442 autem
570 1377 646 1442 lieet
662 1377 759 1462 duplo
776 1378 870 1462 plura
883 1377 1097 1442 Athenienses
1114 1375 1346 1442 celebraverint
1363 1393 1457 1460 quam

319 1481 417 1546 ueteri
449 1479 595 1562 (διὀοοί,2
635 1479 668 1544 in
700 1481 884 1546 universum
917 1501 976 1565 pro
1011 1479 1195 1544 contionum
1230 1476 1456 1562 impedimento

319 1582 429 1647 haberi
450 1603 514 1648 uon
536 1590 681 1668 possunt.
726 1583 771 1646 At
792 1583 879 1647 aliud
901 1583 1002 1647 latere
1017 1589 1173 1647 monstrat
1189 1580 1327 1646 formula
1349 1579 1458 1645 similis

322 1683 397 1750 ὅταν
420 1685 564 1770 ἐξήκωσιν
591 1686 623 1750 αἱ
638 1684 671 1750 ἐκ
696 1693 753 1750 τοῦ
766 1685 860 1768 νόμον
882 1683 1003 1768 ἡμέραι,
1027 1707 1092 1772 qua
1114 1706 1179 1750 non
1206 1684 1308 1770 magis
1336 1683 1457 1749 dierum

320 1789 474 1856 festorum
496 1789 663 1855 intervalla
686 1789 858 1874 significari
880 1789 1041 1874 possunt.³

425 1891 519 1958 Haeo
540 1900 650 1958 autem
672 1892 808 1958 formula
830 1893 861 1957 iu
886 1892 1022 1958 deeretis
1045 1893 1090 1956 ita
1111 1897 1280 1976 oonoepta:
1309 1887 1458 1974 δεδόχθαι

319 2001 370 2080 τῆι
402 1993 510 2078 βούλῆι
542 1992 612 2073 τούς
646 1994 810 2078 προέδρους
840 1997 869 2060 οἳ
898 1994 937 2059 ἄν
966 1994 1084 2079 λάχωσι
1115 1991 1308 2078 προεδρεύειν
1340 1996 1371 2058 ἐν
1404 1995 1459 2057 ruit

319 2096 438 2181 dp'ptuu,
461 2095 537 2162 ὅταν
558 2097 700 2182 ἐξήκωσιν
722 2099 753 2163 αἱ
780 2101 813 2164 ἐκ
838 2105 893 2163 τοῦ
915 2097 1010 2178 νόμιον
1035 2095 1159 2180 ἡμέραν,
1180 2100 1368 2180 χρηματίσαι
1392 2099 1460 2180 περὶ

320 2199 437 2264 τούτων
460 2207 517 2267 eto.
540 2203 608 2282 (un.
630 2204 703 2284 309,
727 2201 806 2284 331)
831 2203 884 2267 vel
908 2199 1099 2284 προεδρεύειν
1121 2199 1154 2264 ἓν
1179 2205 1233 2264 τῶι
1248 2197 1361 2283 δήμιοι,
1384 2197 1459 2264 ὅταν

321 2299 413 2392 ε’ξῆκῃ
435 2301 452 2367 ὁ
475 2301 508 2368 ἕν
531 2307 588 2368 τοῦ
609 2301 705 2385 νόμον
724 2301 831 2388 χρόνος
864 2299 986 2387 (Ἁθὴν.
1016 2301 1065 2367 VI
1098 2303 1159 2366 136
1188 2325 1218 2367 n.
1251 2305 1316 2380 ll.)
1350 2303 1458 2368 locum

321 2405 445 2472 obtinet
474 2407 647 2472 usitatioris
677 2407 851 2473 formulae:
883 2405 1033 2490 δεδόχθαι
1063 2407 1112 2488 τῆι
1142 2407 1250 2489 βουλῆι
1273 2402 1344 2482 τούς
1366 2401 1458 2484 προέ-

321 2510 411 2592 δρονς
434 2509 462 2574 οἳ
484 2506 523 2572 ἄν
553 2507 668 2594 λάχωσι
698 2509 890 2596 προεδρεύειν
920 2510 954 2576 ἐν
983 2517 1038 2575 τῶι
1062 2508 1165 2594 δήμιοι
1188 2511 1229 2587 εἷς
1252 2506 1310 2592 τήν
1332 2507 1460 2592 πρώτην

319 2609 506 2695 [ἐπιοῦσαν]
536 2612 714 2697 ἐκκλησίαν,
740 2617 928 2700 χρηματίσαι
959 2619 1028 2696 περὶ
1050 2613 1182 2678 roricios:
1214 2615 1290 2708 quin
1313 2619 1364 2679 ter
1387 2633 1460 2678 uum

323 2715 436 2781 eadem
458 2717 629 2784 ooniuuota
652 2721 810 2804 reperitur
832 2741 885 2784 nn.
903 2722 975 2802 318,
992 2706 1065 2797 382,
1089 2716 1198 2802 Ἀθήν.
1216 2715 1266 2781 VI
1286 2720 1390 2782 13511.
1409 2719 1461 2800 10,

322 2818 377 2884 ubi
401 2827 433 2886 et
457 2819 553 2885 uerba
574 2822 617 2899 εἰς
636 2819 696 2905 Ιτήν
726 2821 868 2888 ἐπιοῦσαν
897 2821 1057 2906 ἐκκλησίαν
1086 2821 1239 2908 leguntur
1261 2825 1294 2888 et
1315 2819 1460 2886 additum

323 2928 371 3012 est
392 2920 466 2988 ὅταν
497 2921 644 3006 ἓξήκωοιν
665 2923 697 2988 οἱ
727 2923 762 2988 ἐκ
784 2931 840 2989 τοῦ
861 2923 956 3005 νόμον
981 2923 1096 3008 ἡμέραι.
1140 2925 1287 3010 Adparet
1308 2925 1406 3010 igitur
1430 2930 1462 2990 et

321 3027 501 3110 proximam
540 3028 709 3114 significari
748 3030 949 3094 ooutionem⁴
989 3035 1021 3095 et
1057 3028 1161 3094 iuberi
1198 3027 1360 3115 praesides
1393 3047 1461 3092 rem

326 3184 492 3192 --—--·—-..-
522 3186 531 3191 .

410 3271 420 3307 ¹
439 3269 545 3334 nauel,
570 3269 685 3323 Studien
711 3271 779 3323 tiber
804 3271 935 3323 attisohes
954 3271 1124 3324 Staatsreoht
1142 3273 1198 3324 und
1216 3269 1462 3323 Urkundenweseu

323 3373 350 3423 p.
373 3353 422 3410 170
439 3371 499 3424 sqq.
517 3355 599 3423 plura
616 3355 658 3408 his
677 3355 797 3409 dolosis
816 3355 983 3424 disputarit,
1009 3357 1111 3425 quibus
1135 3355 1214 3409 addit
1239 3357 1349 3409 titulum
1364 3353 1463 3424 ’Atria
1501 3425 1507 3434 ι
1613 3342 1617 3353 ’

323 3444 348 3496 V
367 3443 419 3497 522
438 3443 477 3495 iia
501 3457 565 3495 sse
584 3443 755 3510 suppletum:
781 3439 853 3511 ν[ούς
876 3445 1013 3516 προέδρους
1037 3449 1064 3498 ot*
1080 3445 1112 3497 dr
1135 3443 1227 3515 ὶύχιοοι
1252 3441 1409 3512 προεδρούειν
1425 3440 1460 3506 ἒς]

323 3530 370 3598 τήν
386 3527 574 3598 π[ιιδ]ἡινονοον
593 3529 737 3596 [dissipator.

410 3615 421 3651 ²
441 3614 593 3682 [Xenoph]
613 3615 647 3668 de
666 3631 724 3682 rep.
743 3616 807 3668 Aih.
825 3616 869 3669 ΙΙΙ
887 3615 919 3672 8:
944 3623 983 3670 ιπιὶ
1001 3619 1089 3688 ἄγονοι
1110 3621 1158 3684 μἐν
1182 3613 1269 3684 ἓορνᾶς
1287 3615 1463 3680 διπλοσίουςῆ

324 3706 347 3756 οἱ
366 3705 441 3755 ἄλλοι.
461 3701 495 3754 oi.
515 3699 608 3766 11123
627 3701 708 3753 Paua.
728 3701 742 3752 1
762 3701 922 3768 17‚1;24‚u

410 3787 421 3822 ⁸
439 3786 509 3839 Casu
529 3786 633 3838 iactum
652 3791 741 3839 estut
760 3789 931 3840 decretorum
951 3787 985 3839 de
1004 3787 1104 3856 quibus
1123 3787 1271 3855 loquimur,
1292 3785 1463 3854 praesoripta

291 3943 294 3948 Ι
324 3873 457 3927 dedoisnt
482 3873 609 3925 omnium.
645 3871 699 3925 Sed
725 3889 751 3924 n.
776 3872 829 3928 809
854 3875 882 3925 in
907 3875 1002 3926 ultimo
1027 3873 1091 3926 unni
1117 3873 1247 3926 oontione
1273 3871 1375 3924 isotum
1401 3885 1462 3922 esso

323 3975 408 4027 supra
425 3958 609 4012 demonstrari
628 3975 655 4026 p.
673 3957 706 4012 24
725 3975 782 4028 sq.,
807 3975 878 4028 quae
896 3961 1005 4014 solebat
1023 3959 1120 4012 heberi
1139 3959 1214 4012 intra
1228 3958 1298 4012 dies
1316 3956 1463 4024 Seiropho-

324 4046 409 4100 rionis
428 4044 621 4108 XXI-XXX,
641 4062 694 4114 quo
713 4051 836 4114 tempore
855 4047 947 4098 nullos
960 4045 1082 4114 agebant
1095 4045 1154 4098 dies
1166 4045 1252 4096 iustos
1269 4043 1463 4096 Athenienses.

410 4132 422 4168 ⁴
441 4131 559 4183 Hartelii
578 4132 740 4184 senteutiam
760 4133 836 4184 Dem.
855 4132 893 4184 St.
912 4131 992 4186 11⁶1
1011 4147 1051 4199 sq.
1088 4129 1134 4199 τήν
1145 4130 1251 4203 πριδτιμ
1262 4133 1389 4197 ἐκκλησίαν
1407 4144 1462 4180 nou

324 4233 385 4270 osse
404 4217 559 4271 contionem
579 4233 649 4285 quae
675 4221 788 4271 senatus
812 4218 1018 4284 austeritatem,
1042 4218 1091 4270 ssd
1110 4233 1181 4286 quas
1200 4217 1288 4286 ipsam
1307 4215 1462 4267 contionem

325 4309 488 4372 sequeretur
506 4303 543 4356 ad
561 4305 825 4358 senatusconsultum
844 4302 1016 4372 probandum
1035 4309 1216 4363 ooavooatam
1234 4315 1289 4360 uon
1308 4301 1389 4357 huius
1407 4299 1463 4356 1οοί

326 4394 368 4454 est
385 4390 543 4452 attenuatius
562 4390 728 4450 examinare.
