3274 4934
651 383 867 444 ..49-

189 566 335 653 inscripti
358 575 441 634 sunt.
475 569 552 634 Μ
576 562 753 656 ἠγασάμην
783 569 898 635 dicitur
927 571 996 635 loco
1027 568 1175 635 vocabuli
1204 568 1237 634 in
1267 567 1327 635 hoc

189 689 308 753 genero
332 669 495 738 titulorum
515 672 626 738 usitati
651 669 845 755 ἐθαύμασα.

683 928 836 998 XXVII.

285 1081 552 1168 Epigrammata
580 1086 619 1152 in
649 1086 784 1173 templo
813 1085 905 1153 Pani
932 1085 1048 1154 dicato
1076 1087 1230 1170 repertu.

276 1233 456 1330 »ἷὙόρευμα
477 1241 514 1308 τὸ
547 1240 605 1309 ἐπὶ
627 1251 687 1310 τοῦ
709 1248 862 1310 Πανείου
883 1238 954 1308 κατ’
972 1238 1187 1320 Ἀπόλλωνος
1209 1239 1326 1308 attus«

190 1345 227 1412 O.
245 1345 273 1410 I.
291 1345 331 1412 G.
351 1349 448 1412 4837.
502 1347 553 1413 Cf.
579 1348 728 1414 Letronn.
753 1351 832 1412 Rea.
858 1349 890 1413 ΙΙ
914 1369 947 1434 p.
973 1351 1035 1413 239
1058 1368 1107 1430 sq.
1147 1346 1327 1412 Dumichen

189 1449 308 1618 greaepi
315 1451 356 1620 ἑί
376 1451 439 1619 ιῘΖῚι1
445 1454 586 1537 Aegypt.
611 1452 716 1518 Berol.
732 1455 812 1516 1879
828 1455 910 1537 p.39
926 1471 975 1534 sq.
993 1451 1133 1537 Lepsius
1149 1451 1192 1516 VI
1208 1451 1273 1516 tab.
1285 1453 1322 1514 81

277 1691 326 1757 Ad
342 1691 592 1777 Apollinopolim
607 1693 758 1776 Magnam
784 1692 864 1757 situs
888 1698 939 1758 est
957 1699 1046 1757 trans
1061 1691 1170 1756 Nilum
1193 1689 1325 1755 fluvium

189 1815 293 1880 pagus
315 1795 370 1880 qui
387 1795 429 1861 ab
452 1796 612 1862 Arabibus
634 1796 794 1862 Redcsieh
817 1801 962 1862 vocatur:
996 1794 1081 1860 unde
1107 1793 1325 1859 adorientem

187 1917 301 1964 versus
316 1897 450 1984 proiecti
465 1919 524 1984 per
539 1899 634 1965 unius
650 1899 716 1966 diei
731 1901 792 1966 iter
807 1899 850 1964 ad
864 1899 1019 1984 templum
1034 1898 1067 1964 in
1082 1897 1189 1964 media
1203 1897 1326 1980 Trogo-

190 2001 300 2087 dytice
325 2003 486 2068 conditum
507 2003 713 2088 pervenimus
734 2003 820 2088 quod
841 2003 902 2069 deo
925 2003 1022 2069 Cbem
1048 1999 1259 2086 ithyphallico
1284 1999 1326 2065 ab

189 2105 373 2190 Aegyptiis,
393 2105 473 2170 Pani
488 2127 509 2170 a
524 2105 656 2172 Graecis
672 2105 855 2173 dedicatum
871 2125 943 2172 esse
959 2105 1158 2172 credebatur.

278 2209 413 2293 Templo
429 2229 469 2274 ex
485 2209 555 2293 ipso
566 2229 644 2274 saxo
658 2216 813 2275 excavato
838 2209 1019 2275 obstructus
1035 2215 1085 2274 est
1099 2226 1249 2293 prensus,
1268 2227 1325 2272 ou-

189 2311 240 2376 ius
256 2311 290 2376 in
306 2311 429 2396 pariete
445 2313 565 2396 postico
580 2311 664 2378 duae
685 2319 811 2378 statuae
834 2312 921 2394 regis
937 2312 1124 2396 exsculptae
1141 2317 1223 2376 sunt.
1244 2309 1324 2376 Cum

188 2423 296 2482 autem
316 2436 356 2480 ex
384 2415 645 2500 inscriptionibus
671 2415 949 2501 hieroglyphiois¹l
977 2422 1133 2500 appareat
1158 2413 1319 2494 hocloco,

189 2538 282 2603 quem
305 2519 369 2584 iam
393 2519 617 2603 antiquissima
632 2527 737 2585 aetate
752 2520 805 2584 via
820 2520 863 2586 ad
878 2539 966 2586 oram
978 2520 1076 2585 maris
1092 2518 1220 2584 Arabici
1235 2517 1326 2584 etad

188 2623 321 2688 metalla
337 2623 406 2688 auri
423 2622 649 2706 smaragdique
664 2622 786 2688 ducens
801 2624 989 2707 attingeret,
1015 2643 1036 2688 a
1059 2643 1136 2706 rege
1152 2622 1251 2688 Setho
1266 2642 1326 2706 pu-

187 2733 274 2792 teum
290 2727 441 2792 effossum
458 2727 691 2809 stationemque
708 2727 861 2792 munitam
876 2747 961 2805 esse,
975 2735 1083 2792 tamen
1095 2727 1326 2810 nequeRoma-

187 2849 299 2894 norum
313 2830 430 2895 aetatis
445 2830 624 2916 geographi
640 2831 754 2896 Strabo
762 2831 885 2896 Plinius
893 2831 1095 2897 Ptolemaeus
1110 2830 1222 2915 templi
1237 2829 1325 2894 illius

187 2940 281 3016 atque
305 2933 430 2998 castelli
452 2933 644 2999 mentionem
675 2933 797 3000 faciunt
826 2955 930 3018 neque
950 2934 1032 2999 inter
1057 2934 1279 3018 inscriptiones
1305 2953 1326 2997 a

188 3035 381 3101 Oailliaudio
398 3036 530 3102 L'Hotio
546 3037 760 3102 Wilkinsonio
781 3038 897 3122 Lepsio
918 3037 963 3102 ibi
985 3037 1164 3121 descriptas
1187 3038 1254 3102 ulla
1276 3044 1326 3103 est

188 3138 306 3218 latina3
334 3161 526 3223 quamquam
546 3141 608 3207 tria
629 3142 759 3207 nomina
781 3161 912 3206 romana
931 3141 1119 3225 (Trebonius
1142 3143 1240 3226 Leps.
1265 3139 1321 3206 Gr.

191 3247 262 3307 119.
297 3243 435 3310 Severus
457 3244 503 3310 ib.
525 3248 595 3310 120.
615 3245 728 3311 Aelius
750 3244 875 3310 Gellius
897 3245 942 3310 ib.
963 3247 1034 3328 142)
1054 3237 1137 3311 inter
1156 3244 1325 3328 sexaginta

190 3346 257 3412 fere
273 3367 392 3432 graeca
401 3349 616 3414 inueniuntur.
635 3349 758 3428 Quibus
774 3350 869 3415 rebus
884 3349 1052 3434 perpensis
1067 3349 1177 3414 titulos
1192 3369 1324 3431 graemm

187 3451 377 3518 vetustiores
399 3472 472 3519 esse
487 3454 700 3518 Romanorum
722 3453 755 3518 in
771 3455 920 3538 Aegypto
942 3452 1157 3518 dominatione
1180 3453 1324 3520 conicere

188 3554 280 3636 licet,
307 3555 360 3622 cui
382 3557 429 3622 rei
444 3557 525 3622 illud
541 3557 689 3622 convenit
703 3557 788 3640 quod
803 3564 931 3641 praeter
946 3557 1122 3622 litterarum
1138 3556 1257 3622 formos
1273 3578 1324 3621 ro-

188 3659 305 3725 tundas
328 3659 424 3725 etiam
447 3662 638 3726 vetustiores
663 3656 699 3744 Ε,
726 3660 767 3742 Σ,
788 3659 820 3723 Ω
842 3667 938 3744 atque
953 3659 995 3742 Α,
1025 3657 1062 3740 1,
1087 3660 1248 3744 l'passim
1265 3661 1323 3726 ad-

189 3762 349 3829 hibentur.
387 3759 389 3764 ’

274 3865 338 3933 Sed
367 3874 505 3933 aetatem
532 3868 774 3952 inscriptionum
801 3889 994 3951 quamquam
1022 3889 1132 3934 earum
1157 3869 1236 3934 nulli
1265 3890 1324 3934 an-

186 3991 247 4037 nus
269 3971 434 4056 appositus
463 3978 513 4036 est
539 3971 635 4038 etiam
658 3971 838 4037 accuratius
851 3959 1118 4038 'circumscribere
1137 3990 1319 4058 possumus.

194 4129 396 4140 -u—-n

258 4233 274 4296 1)
290 4249 318 4287 v.
333 4230 452 4301 Lepsius
466 4229 509 4283 111
527 4229 586 4284 tub.
605 4231 748 4280 lta-itt.
775 4227 887 4283 (limbus
902 4229 1029 4298 [resumpt.
1044 4229 1136 4283 tiator.
1151 4231 1187 4283 ria
1200 4233 1279 4300 ripae
1291 4231 1323 4284 rie

189 4317 248 4370 Siti
259 4317 286 4370 Ι.
304 4317 417 4370 Gladium
434 4317 506 4368 1855.
1143 4347 1148 4356 „

1101 4425 1115 4472 d
