3226 4932
622 442 664 452 -
712 407 796 489 [aaa]
844 441 884 452 -

269 593 298 674 4)
326 615 342 658 ε
365 597 395 676 a)
421 598 506 658 ποτε
528 595 559 676 2,
587 594 616 678 b)
644 599 680 660 τέ
705 598 733 677 1,
760 599 787 678 c)
812 595 946 660 verbum
970 587 1198 676 ἀριστεύσατε.

269 696 298 780 5)
325 698 347 762 b
367 703 480 763 neutra
502 698 533 760 2.

182 795 310 863 Desunt
338 798 406 864 lere
435 805 549 865 neutra
577 799 729 866 exeuntia
757 799 789 866 in
812 824 853 864 -u
875 800 928 865 vel
957 799 991 865 in
1021 798 1177 882 singulari
1205 797 1258 862 vel
1286 797 1320 862 in

182 899 301 984 plurali
322 921 455 968 numero
476 901 565 968 velut
588 897 709 986 ὄνομα,
737 899 840 985 κακά,
868 902 1006 987 quaein
1028 900 1102 968 aliis
1124 900 1228 986 poetis
1250 919 1321 965 nra-

182 1002 283 1068 iorem
306 1011 432 1090 partem
453 1004 594 1071 omnium
616 1005 760 1072 exituum
782 1005 1042 1091 imperfectorum
1064 1003 1218 1084 efficiunt,
1242 1002 1320 1068 item

184 1103 306 1172 formae
328 1107 418 1174 verbi
441 1115 596 1174 exeuntes
618 1107 651 1174 in
672 1132 713 1171 -o
735 1109 825 1175 velut
847 1107 965 1190 iicon,
996 1103 1169 1190 λυόμεθα,
1203 1112 1237 1172 et
1264 1125 1322 1171 no-

184 1208 330 1275 minativi
352 1209 508 1292 seminini,
535 1231 667 1294 quorum
690 1229 788 1275 unum
811 1212 995 1297 exemplum
1019 1217 1068 1276 est
1085 1221 1236 1292 τυχοῖσα,
1262 1227 1323 1274 nea

184 1311 290 1393 magis
310 1311 521 1380 inveniuntur
536 1313 693 1380 adverbia
713 1313 924 1380 usitatissima
945 1310 1054 1396 μάλα,
1089 1311 1226 1394 ἔπειτα,
1251 1309 1318 1391 ἵνα,

183 1434 337 1494 ταχιστα.

273 1524 359 1584 ποτέ
374 1527 406 1585 et
420 1525 456 1584 τέ
478 1520 656 1606 particulae
679 1519 767 1585 solae
790 1518 912 1585 exitum
927 1541 961 1584 -e
976 1519 1132 1604 praebent
1145 1539 1209 1585 uno
1225 1518 1323 1584 verbo

187 1613 406 1706 ἀριστεύσατε
436 1629 585 1708 excepto,
619 1623 736 1690 desunt
763 1622 939 1708 particulae
969 1621 1155 1688 tutissimae
1186 1621 1239 1704 δέ,
1273 1626 1319 1704 γε’,

187 1725 364 1792 accusativi
387 1724 460 1810 ἐμέ,
488 1731 538 1808 σε’,
572 1725 709 1793 vocativi
731 1726 820 1791 velut
842 1725 931 1806 ξένε,
964 1725 1078 1791 duales
1100 1725 1190 1790 velut
1212 1723 1320 1808 δοῦρε,

189 1827 310 1896 formae
332 1831 482 1896 verbales
504 1831 594 1896 velut
615 1827 683 1912 λύε,
710 1827 805 1895 λύετε
833 1831 976 1914 (excepto
999 1847 1062 1894 uno
1078 1822 1322 1914 ἀριστεύσατε).

275 1931 343 1999 Sub
379 1944 419 1998 -ῖ
455 1953 518 1999 non
555 1939 739 2019 comparent
774 1932 896 1998 formae
933 1931 1081 1997 verbales
1118 1931 1207 1996 velut
1243 1929 1321 2012 εἰμι’,

189 2032 271 2116 ἐσσί,
297 2035 364 2102 iba.

277 2139 343 2205 Sub
366 2163 403 2204 -o
426 2139 648 2206 desiderantur
668 2145 782 2204 neutra
804 2143 914 2219 τοῦτο,
942 2131 1033 2218 litto,
1061 2129 1155 2201 αὐτό.

277 2241 316 2306 In
346 2241 484 2327 singulis
509 2247 616 2308 autem
639 2241 720 2308 locis
742 2239 894 2306 iudicium
917 2237 1037 2324 pendet
1059 2259 1100 2306 ex
1122 2246 1236 2305 natura
1258 2237 1328 2304 exi-

190 2351 279 2410 tuum
302 2345 541 2430 parallelomm.
587 2345 692 2428 Atque
722 2363 793 2410 cum
823 2343 858 2408 iu
886 2343 1026 2410 exitibus
1055 2342 1185 2427 quidem
1215 2339 1328 2406 classis

190 2447 324 2514 alterius
346 2467 505 2531 nusquam
527 2446 674 2514 versibus
696 2446 863 2533 parallelis
890 2445 1091 2512 confirmetur
1113 2445 1233 2512 exitum
1255 2445 1329 2509 bre-

191 2571 262 2616 vem
286 2550 467 2634 quaesitum
490 2569 574 2632 esse,
600 2549 791 2616 concludere
813 2549 890 2615 licet
911 2548 1058 2615 omnibus
1080 2548 1147 2614 illis
1163 2547 1243 2614 locis
1258 2545 1329 2613 exi-

191 2661 258 2720 tum
274 2654 496 2739 imperfectum
512 2653 570 2738 eie,
597 2673 676 2738 quos
700 2651 849 2734 diximus,
876 2651 980 2717 modis
1002 2651 1165 2718 sublatum
1188 2650 1240 2717 vel
1263 2650 1330 2716 sal-

192 2764 257 2824 tem
280 2757 455 2824 delenitum
479 2776 561 2838 esse,
588 2777 660 2822 curn
682 2781 714 2820 -ι
735 2755 843 2820 finalis
866 2752 1110 2840 produceretur,
1136 2753 1330 2840 praepositio

193 2855 264 2927 tino
286 2861 420 2928 formam
442 2859 590 2927 indueret
612 2853 693 2942 duo,
720 2865 753 2925 et
774 2855 879 2944 παρά,
906 2855 992 2940 quod
1015 2858 1115 2924 semel
1137 2857 1172 2922 in
1190 2855 1330 2923 carmine

193 2963 388 3049 distrophico
410 2962 439 3032 0
460 2961 537 3029 XIV
559 2969 738 3048 comparet,
769 2963 798 3028 si
820 2961 861 3027 de
884 2959 1023 3027 carmine
1045 2967 1111 3027 tam
1133 2959 1224 3026 brevi
1244 2957 1332 3024 iudi-

193 3084 268 3134 care
290 3067 377 3148 licat,
404 3067 538 3133 formam
559 3065 763 3132 Homericam
786 3067 906 3149 nuent,
933 3067 1019 3129 ποτέ
1041 3070 1074 3130 et
1095 3067 1131 3128 τέ
1153 3061 1333 3148 reciperent

193 3189 307 3236 sonum
329 3171 485 3236 nasalcm.

281 3274 318 3339 ln
340 3272 437 3340 tertia
459 3291 534 3339 vero
557 3273 655 3339 classi
677 3269 881 3338 discernendi
903 3276 979 3336 snut
999 3269 1030 3335 el
1051 3268 1124 3352 loci,
1150 3266 1205 3334 ubi
1219 3287 1333 3334 versus

196 3377 345 3463 paralleli
368 3375 587 3442 demonstrent
608 3375 730 3441 exitum
752 3372 974 3458 imperfectum
996 3373 1049 3439 vel
1072 3371 1188 3438 saltem
1204 3371 1333 3436 brevem

195 3480 375 3562 quaesitum
395 3497 478 3562 esse,
504 3479 546 3545 ab
562 3478 645 3559 aliis,
672 3477 727 3543 ubi
742 3495 856 3542 versus
870 3475 1019 3561 paralleli
1033 3475 1221 3562 plemmqne
1236 3475 1332 3557 longa

196 3583 324 3667 syllaba
337 3582 557 3649 terminantur.
597 3581 647 3647 Ita
669 3579 840 3646 discedunt
860 3579 922 3646 loci
944 3579 1058 3646 classis
1074 3577 1188 3645 tertiae
1203 3575 1237 3642 in
1252 3576 1333 3642 duas

196 3693 320 3770 partes:

282 3789 311 3872 a)
338 3787 443 3854 exitus
465 3787 674 3874 imperfectus
695 3792 753 3852 ant
773 3783 938 3870 quaesitus
967 3792 1018 3852 est
1046 3791 1103 3852 aut
1131 3803 1170 3851 eo
1199 3801 1335 3850 excusa-

338 3897 399 3974 tur,
425 3891 510 3976 quod
532 3891 638 3958 exitus
660 3889 767 3956 brevis
789 3887 955 3971 quaesitus
978 3895 1044 3954 est:

284 3993 366 4064 011
387 3997 481 4080 χέρα,
508 3992 657 4060 δύναιτο.

283 4097 364 4166 θΧ
387 4097 490 4185 (χερί,
519 4095 711 4178 ἐκτίσσατο,
738 4092 918 4180 ποιμένα),
955 4089 1060 4178 ineat,
1089 4085 1223 4178 ἅρματι,
1252 4085 1336 4175 ἆρα-

489 4197 582 4286 aava,
610 4199 719 4288 ποτε),
747 4191 915 4282 ἀμύμονα,
943 4194 1051 4284 (πυρί,
1075 4189 1166 4285 ἄρα),
1191 4213 1336 4283 νικαφο-

490 4308 598 4392 ρίαισί
619 4325 665 4387 τε,
693 4306 808 4388 πατρί,
835 4301 956 4384 μέλιτι.

1090 4403 1126 4454 ⁴*
