3248 4928
645 365 687 374 -
735 329 820 411 pse]
1306 329 1346 392 τε

209 521 301 586 (loeis
317 519 414 585 debet
436 518 559 584 initium
584 537 686 601 usque
710 518 752 583 od
776 511 971 600 δμοιωθείς,
1000 517 1123 600 reliqua
1138 517 1245 583 alteri:
1277 522 1348 580 lla-

209 625 335 708 οταλληι
352 661 393 670 -
410 619 553 704 ἐχούσας
569 621 728 708 δελφῖνος
775 615 976 707 Ἣλιόδορος
992 621 1090 686 Ρλιεν.
1111 621 1207 702 Eun,
1231 615 1349 685 Ἡλιό-

210 727 318 812 δωρος
341 728 391 794 vel
415 726 521 811 potius
543 723 801 812 Ἀπολλόδωρος
824 725 876 810 (es.
895 724 1043 791 Muelleri
1065 723 1140 790 adn.
1166 725 1209 790 ad
1229 727 1343 808 locum)

209 833 315 898 Tnetz.
356 830 369 915 ΙΙ
406 823 474 896 ὑπὸ
506 827 636 916 δειράδι
666 834 917 918 Παρνησοῖο
947 832 1078 910 Tzetz.,
1115 821 1184 894 ὑπὸ
1219 826 1348 915 δειράδι

209 935 309 1002 Phav.
336 933 418 1000 Eud.
453 934 465 1020 ΙΙ
496 941 562 1001 τῶν
583 931 701 1000 τόπων
723 935 774 1002 Et.
800 936 856 1016 M„
887 930 947 1000 τόν
969 929 1078 999 τόπον
1098 933 1199 999 Phav.
1226 934 1308 998 End.

296 1067 324 1150 3)
353 1066 388 1130 Ρ.
417 1068 478 1130 210
507 1058 525 1131 δ
548 1061 748 1152 Λαιόφρων
771 1069 893 1152 φησιν·
919 1085 937 1131 e
959 1066 1097 1130 Tzetnoe
1120 1063 1229 1130 eodiee
1252 1063 1350 1130 habet

208 1169 309 1233 Phar.
334 1189 367 1254 p.
394 1171 473 1251 868,
509 1189 550 1235 ex
578 1169 640 1234 hoo
662 1167 816 1234 Eudoeie.
864 1169 984 1233 Extant
1005 1167 1090 1233 enim
1112 1167 1172 1233 ills
1193 1167 1293 1233 verbe
1314 1167 1348 1234 in

208 1273 400 1356 quibusdam
430 1275 567 1339 Tzetnae
598 1273 688 1338 libris
722 1271 773 1374 (ol.
807 1271 953 1339 Muelleri
987 1271 1096 1338 adnot.
1129 1272 1271 1338 onitieam
1304 1273 1347 1338 ad

207 1377 314 1443 Tzetz.
340 1377 416 1461 Lyn.
436 1377 503 1461 50).

295 1513 324 1588 4)
352 1507 388 1571 Ρ.
409 1510 467 1571 241
503 1500 558 1570 ὅτε
590 1500 660 1571 άπὸ
692 1513 750 1593 τῆς
774 1501 932 1582 Ἑλλάδος
962 1499 1143 1582 ἀπόπλους
1165 1543 1207 1554 -
1230 1503 1347 1572 ἐπιδο-

208 1615 329 1698 estorp
357 1615 522 1698 ταθηναι·
553 1631 616 1676 non
640 1631 658 1676 e
681 1610 780 1676 sehol.
807 1610 967 1694 Lycophr.
997 1612 1067 1690 183,
1102 1609 1160 1674 sed
1188 1631 1205 1676 e
1233 1609 1347 1675 Nonne

208 1715 251 1781 ad
274 1715 370 1798 Greg.
396 1713 477 1778 Nan.
503 1735 549 1780 or.
575 1714 643 1780 fun.
670 1711 782 1779 Basilii
805 1713 848 1777 M.
885 1713 935 1792 [of.
962 1712 1112 1778 Oreuzeri
1141 1713 1348 1778 meletemata

207 1840 240 1904 p.
261 1821 311 1899 711]
339 1817 437 1882 habet
458 1816 602 1882 Eudoeia
631 1817 739 1882 omnia
767 1816 844 1881 inde
869 1817 909 1881 ab
941 1809 995 1880 ότε
1020 1809 1090 1880 ἀπὸ
1113 1822 1172 1902 της
1190 1809 1347 1892 Ἑλλάδος

207 1959 250 1968 -
273 1920 405 1986 ἔδοσαν
428 1919 460 1984 ολ
475 1913 643 2006 Ἕλληνες.
690 1922 772 1986 Turn
796 1917 900 1996 ἔθνος
917 1957 955 1968 -
976 1925 1104 2004 Ταῦροι
1126 1927 1158 1984 et
1181 1913 1263 2006 αὕτη
1288 1907 1348 1986 οὖν

209 2019 348 2114 ἡἸφιγ.
375 2062 417 2072 -
440 2023 501 2112 τὴν
519 2018 662 2090 Ἑλλάδα
685 2045 703 2091 e
726 2023 831 2090 Nonn.
850 2024 866 2088 I
890 2028 919 2088 7.

295 2157 323 2234 5}
352 2155 386 2218 P.
415 2156 477 2218 298
509 2153 588 2239 περὶ
611 2149 774 2240 Μόρρας·
810 2147 897 2218 οὕτω
929 2152 965 2217 δὲ
988 2149 1236 2239 Ἀριστοφάνης
1265 2159 1348 2218 παί-

210 2258 278 2338 ζων
300 2259 389 2342 λέγει
411 2258 509 2323 verba
531 2257 606 2322 huie
628 2257 697 2322 loeo
719 2257 849 2322 minime
871 2265 948 2342 apta
968 2255 1077 2322 neseio
1099 2277 1163 2338 qna
1186 2257 1226 2322 de
1249 2277 1348 2324 eausa

208 2381 226 2428 e
248 2361 421 2426 Phevorini
443 2361 554 2444 glossa
576 2366 737 2442 μοιτωτῶ
759 2361 857 2445 poulo
886 2359 970 2424 infra
999 2359 1106 2444 posita
1133 2359 1347 2446 impudentis-

208 2466 307 2530 simus
330 2465 482 2532 falsarius
504 2464 622 2530 intulit.

276 2633 281 2657 „
295 2597 323 2679 6)
351 2595 387 2659 P.
407 2595 469 2657 322
495 2594 575 2679 περὶ
597 2591 865 2680 spoliationes.
905 2593 1021 2660 Totam
1040 2595 1181 2678 glossam
1202 2614 1219 2660 e
1236 2595 1344 2660 Tzetz.

208 2701 286 2783 Lye.
302 2702 364 2762 355
381 2697 578 2783 deprompsit
588 2697 786 2763 Phevorinos
799 2719 831 2783 p.
850 2701 942 2780 1117,
962 2698 1172 2763 ePhavorino
1184 2698 1344 2764 Eudoois:

209 2800 398 2888 Σιμωνίδης
422 2795 439 2865 ό
463 2798 681 2886 γενεαλόγος,
707 2802 773 2866 καὶ
799 2795 816 2866 ό
834 2794 1141 2878 Ἀπολλώνιος·
1172 2795 1349 2889 όψηλιῖιν

208 2902 341 2993 ὀρέων
363 2903 553 2992 Πηλιάδες
583 2912 771 2992 κορυφῇσιν
802 2903 976 2988 ἐθάμβεον
997 2907 1127 2986 'Pnet'n²
1160 2906 1349 2993 Σιμωνίδης

209 3005 226 3078 ό
257 3007 456 3095 γενεαλόγος
490 3005 689 3097 Πηλιάδης
724 3007 899 3093 ἐθάμβεον
927 3010 1028 3075 Phav.
1062 3010 1146 3075 Eud.
1200 3011 1347 3076 Ceterum

207 3119 353 3199 χελρεσιν
383 3111 641 3198 ἒιεικραδέοντες
672 3111 820 3198 ἐρετάων
841 3120 877 3178 ut
899 3113 986 3199 apud
1008 3112 1223 3179 Phavorinum
1245 3113 1292 3179 ila
1314 3115 1347 3179 in

209 3217 320 3284 eodiee
343 3216 505 3283 Endoeiae
528 3216 642 3282 vitiose
666 3224 831 3282 exaratum
855 3223 914 3283 est.
963 3214 1023 3282 τὸν
1046 3215 1154 3282 τόπον
1181 3217 1349 3304 κληθῆναί

210 3341 327 3406 φασιν.
345 3313 481 3405 Ἕτερος
505 3319 542 3384 δέ
570 3345 620 3397 τις
646 3317 814 3406 ἱστορικός
838 3314 925 3386 οὕτω
949 3321 1038 3405 λέγει
1060 3321 1228 3408 κληθῆναι
1251 3321 1349 3386 verba

208 3445 229 3488 a
252 3424 431 3489 Phavorino
454 3423 583 3506 omissa,
610 3424 725 3490 eadem
749 3423 919 3490 aviolario
942 3425 1069 3492 obsunt.
1115 3424 1348 3490 Luoulentissi-

209 3549 294 3593 mum
319 3528 457 3611 deniqne
480 3527 603 3593 falsarii
628 3528 798 3612 vestigium
829 3529 959 3614 glossae
986 3528 1021 3594 in
1043 3528 1107 3594 fine
1134 3527 1349 3614 deprehendi-

208 3638 260 3698 tur
274 3631 350 3696 hoo:
378 3630 472 3716 Apud
489 3631 703 3696 Phavorinurn
721 3651 793 3696 oum
816 3630 937 3698 scholio
960 3635 1068 3697 Tzetz.
1088 3633 1165 3716 Lyn.
1187 3636 1248 3698 355
1273 3653 1348 3698 oon-

208 3735 349 3799 iunotum
379 3741 468 3800 extet
496 3733 656 3818 integrum
688 3735 830 3801 eiusdem
862 3735 1005 3800 scholion
1034 3735 1077 3801 od
1101 3737 1178 3820 Lyn.
1203 3740 1265 3800 356
1288 3737 1344 3819 ita,

208 3845 242 3903 ut
263 3838 449 3923 posterioris
472 3837 585 3904 seholii
609 3839 726 3904 lemma
749 3847 807 3926 της
822 3836 1041 3926 μιαονόμφοα
1062 3841 1152 3906 nulla
1167 3840 1349 3907 intermissa

207 3941 463 4026 interpunctione
495 3949 566 4027 post
596 3940 644 4018 εἰς
675 3939 735 4029 τὴν
751 3937 854 4008 Ἴλιον
885 3949 1046 4026 sequatur.
1094 3943 1183 4022 Quas
1209 3944 1348 4030 ineptias

209 4065 280 4110 eum
315 4051 421 4110 servet
451 4045 610 4129 liudonis,
649 4045 689 4111 de
717 4045 896 4112 Phavorino
931 4047 1025 4113 huius
1060 4067 1185 4132 quoque
1219 4050 1349 4132 glossae

207 4147 297 4213 fonte
313 4147 453 4214 dubitari
476 4149 596 4231 nequit.
646 4149 758 4234 Neque
781 4151 847 4216 ullo
870 4150 963 4216 modo
987 4172 1004 4216 e
1026 4152 1147 4217 soholio
1163 4151 1349 4238 Lycophro-

208 4251 258 4320 nis
281 4251 425 4340 pleniore
449 4273 488 4322 ea
512 4252 698 4341 depromere
721 4254 834 4342 potuit
868 4275 951 4340 quoe
974 4275 994 4322 a
1017 4256 1135 4323 Tnetza
1165 4263 1197 4322 et
1220 4278 1240 4322 a
1262 4257 1344 4325 Pha-
