3248 4928
610 475 651 484 -
699 439 784 522 [111]
832 475 875 486 -
969 397 972 404 ’
1269 440 1309 504 11

172 631 239 690 τῶν
261 619 446 712 εὐμόρφων
468 651 498 691 κ.
524 651 553 690 τ.
579 629 629 708 1.,
663 629 721 695 sed
744 630 862 712 talem,
895 630 1024 712 qualem
1048 629 1196 694 Musurus
1220 627 1306 710 fecit,

171 748 234 794 non
257 729 363 810 qualis
385 729 418 794 111
441 729 551 796 codiee
566 731 720 816 Hesychii
743 732 862 816 legitur
889 731 926 814 (is
948 732 1047 798 habet
1069 737 1168 818 φαῐον
1188 725 1311 816 εὐμόρ-

171 855 249 917 φων
271 857 301 896 κ.
327 856 356 896 τ.
382 833 441 916 1.).
489 833 551 899 Ubi
580 835 731 901 observes
761 837 861 902 verba
890 829 976 901 ὅθεν
999 828 1082 901 ὅταν
1104 829 1305 916 duodone,

171 956 254 1020 quac
283 938 326 1003 ab
354 936 426 1022 ipsa
448 931 602 1004 Eudocia'
620 939 732 1006 addite
762 940 960 1024 praeclaram
987 939 1056 1006 eius
1079 939 1224 1006 Graecae
1247 939 1310 1004 lin-

171 1059 255 1122 guae
278 1040 444 1106 soientiam
468 1049 637 1108 testantur.

257 1143 324 1208 Iam
348 1165 431 1228 quae
453 1151 622 1229 praeterea
637 1146 737 1212 Flach
760 1145 890 1233 profert,
918 1146 982 1212 alio
1006 1165 1103 1231 saepe
1126 1144 1237 1210 ordine
1260 1153 1310 1211 at-

171 1267 232 1328 que
263 1247 352 1332 apud
373 1249 608 1334 Palaephatum
640 1250 770 1332 singula
799 1251 1016 1316 narrationum
1046 1251 1191 1315 membra
1216 1249 1310 1314 exhi-

168 1349 236 1415 beri
264 1352 307 1417 ab
328 1352 474 1418 Eudocia
501 1359 534 1418 et
561 1353 722 1420 interdum
751 1354 899 1439 pluribus
926 1353 1014 1420 illius
1045 1353 1204 1439 capitibus
1234 1373 1309 1437 per-

169 1453 279 1520 mixtis
302 1477 399 1520 unum
422 1455 524 1540 effici,
558 1459 610 1523 vel
639 1457 770 1524 aliunde
797 1457 899 1544 petita
927 1458 960 1522 in
982 1457 1097 1524 mediis
1119 1457 1309 1542 Palaephati

138 1599 139 1602 =
169 1557 276 1624 verbis
291 1559 452 1644 collocari,
478 1581 534 1628 eur
548 1561 661 1627 obesse
684 1562 834 1645 siquam
857 1581 914 1627 nos
937 1561 1160 1647 amplectimur·
1179 1567 1309 1626 senteu-

168 1660 234 1726 tiae
257 1663 433 1746 existimet,
459 1685 523 1730 nou
546 1664 652 1731 video.
699 1665 821 1731 Eadem
845 1665 930 1730 enim
953 1665 986 1729 in
1009 1664 1144 1742 violaria
1167 1663 1307 1729 omnium

168 1763 235 1830 fere
259 1765 393 1832 fontium
416 1768 515 1834 verba
538 1769 712 1852 patiuntur.
763 1769 877 1852 Neque
900 1768 988 1854 apud
1010 1768 1242 1852 Palaephatnm
1269 1771 1307 1831 16

167 1867 290 1936 invenit
318 1869 400 1936 Eud.
427 1891 459 1958 p.
490 1875 549 1937 162
572 1877 744 1958 ναυμαχίᾳ
768 1871 804 1936 δὲ
826 1869 887 1958 τὴν
912 1869 1023 1957 Τύρον
1045 1869 1144 1950 ἑλών,
1177 1871 1235 1937 1111
1266 1891 1306 1936 ex

169 1973 258 2039 Euat.
277 1974 371 2040 Dion.
392 1978 453 2039 270
476 1976 639 2056 adsciscit,
665 1997 769 2060 neque
791 1977 879 2062 apud
893 1975 1129 2060 Palaephatum
1145 1978 1197 2053 49,
1224 1995 1307 2058 quae

168 2077 255 2162 apud
276 2079 360 2145 Eud.
386 2101 418 2164 p.
442 2084 502 2142 414
540 2080 590 2162 (de
619 2081 758 2162 Phaone)
794 2081 996 2164 reperiuntur
1025 2075 1187 2162 πορθμὸς
1218 2065 1257 2164 ἦν
1288 2071 1305 2140 ὁ

169 2183 287 2260 πλοῦς,
313 2183 373 2250 sed
395 2183 621 2269 ePaiaephaii
643 2185 750 2250 verbis
773 2183 984 2269 ineptissimis
1007 2177 1169 2267 πορθμὸς
1183 2169 1225 2268 ἦν
1239 2178 1307 2244 θά-

167 2285 276 2350 λασσα
303 2287 418 2353 effecta
439 2287 473 2352 in
496 2287 640 2371 margine
663 2287 734 2352 libri
759 2287 864 2372 posuit
885 2286 1048 2352 falsarius.
1096 2285 1145 2350 Ea
1167 2283 1305 2369 denique

168 2409 250 2472 quae
273 2411 305 2475 p.
324 2393 385 2454 271
415 2390 626 2472 (1111111111)
655 2411 673 2455 1
697 2390 864 2474 deperdita
886 2388 1076 2474 Palaephati
1090 2388 1210 2474 ¹,aliqua
1232 2409 1307 2452 nar-

99 2505 106 2519 ·
167 2495 288 2559 ratione
311 2495 411 2579 petita
433 2515 506 2560 csse
529 2495 629 2560 Flacb
652 2493 785 2576 conicit,
816 2513 880 2558 uua
903 2514 973 2558 cum
997 2493 1265 2579 praecedentibus
1288 2513 1305 2555 e

172 2599 290 2679 (Tacta.
316 2599 394 2683 Lyo.
423 2603 450 2681 o)
478 2599 657 2664 Pbavorino
683 2601 764 2660 1116
787 2597 934 2662 derivata
956 2603 1041 2662 sunt.

253 2805 444 2872 CORNU'PI
466 2806 547 2871 libro
570 2826 633 2871 uon
655 2805 779 2871 meliori
801 2804 976 2890 permultos
999 2802 1123 2868 violarii
1144 2803 1231 2868 locos
1247 2802 1301 2867 de-

166 2910 233 2974 beri
256 2909 525 2994 supradiximus.
567 2908 780 2993 Conspectum
806 2908 863 2972 dat
883 2905 983 2970 Flaeh
1002 2927 1033 2990 p.
1054 2909 1105 2983 30,
1133 2905 1187 2970 ubi
1210 2905 1305 2970 omit-

166 3019 275 3078 tuntur
297 3013 331 3077 hi
354 3013 431 3078 loci:
459 3033 491 3097 p.
513 3018 549 3076 14
575 3009 626 3076 dui
651 3013 707 3076 καὶ
731 3011 804 3096 ἱερὰ
822 3005 925 3096 αὐτῆς
942 3003 959 3094 'i
976 3015 1043 3074 τῶν
1060 3005 1231 3094 Κυθήριον
1246 3015 1305 3094 νῇ·-

166 3139 225 3192 σος
247 3117 380 3201 λέγεται
409 3117 508 3181 verba
530 3117 563 3182 in
586 3116 729 3198 margine
756 3113 874 3180 codicis
897 3113 1025 3179 adiecta
1047 3133 1065 3178 c
1087 3113 1226 3178 Cornuto
1249 3115 1302 3192 21,

166 3242 239 3302 nou,
266 3229 301 3286 ut
315 3219 414 3286 Placb
432 3241 464 3305 p.
488 3221 638 3286 11511111.
659 3222 677 3282 3
701 3219 890 3303 auspicatur,
918 3215 1060 3282 eschol.
1079 3217 1157 3282 Hes.
1177 3215 1300 3299 Theog.

170 3329 229 3388 196
252 3323 429 3410 deperdito.
463 3321 475 3407 11
506 3323 541 3387 P.
562 3327 621 3387 158
645 3323 723 3407 περὶ
742 3316 897 3406 Ἔρωτος.
925 3317 962 3395 ὃς
985 3313 1085 3386 οὐδὲν
1106 3315 1304 3405 παράδοξον

165 3431 357 3514 -κίνησιν
379 3423 585 3508 ποιούμενον
607 3457 649 3481 =
671 3425 766 3491 Corn.
786 3427 838 3488 25.
872 3423 885 3506 11
915 3425 951 3487 P.
972 3425 1028 3488 201
1058 3420 1303 3508 παρεισάγουσι

164 3529 224 3596 τὸν
246 3535 314 3594 Ata
337 3567 378 3578 -
402 3526 673 3615 τοιουτοτρόπως
696 3559 737 3583 ==
760 3529 894 3593 0011111
932 3529 938 3608 Ι
972 3521 1085 3612 ὥσπερ
1110 3524 1141 3590 oi
1165 3520 1303 3610 ἄνθρω-

165 3659 226 3699 11οι
247 3671 289 3682 —
313 3634 422 3718 ψυχαὶ
445 3640 513 3719 πῦρ
537 3631 623 3698 εἰσιν
645 3661 686 3686 -τ
709 3631 842 3696 Coma
878 3629 882 3716 Ι
916 3625 1302 3714 >raritatem-turp

164 3735 279 3823 κόσμῳ
302 3741 489 3822 γινομένων
512 3767 553 3792 --
576 3737 670 3802 Corn.
700 3739 749 3798 ii.

249 3844 353 3925 Atque
376 3841 506 3907 Cornuti
529 3861 569 3906 ne
592 3837 691 3904 Flacb
715 3837 844 3920 quidem
868 3837 1009 3922 pessimo
1031 3855 1122 3902 usam
1145 3855 1219 3902 esse
1243 3855 1300 3902 ex-

163 3945 297 4031 emplari
313 3944 488 4010 Eudociam
511 3943 629 4010 infitias
651 3943 692 4012 it:
720 3940 806 4007 idern
822 3939 972 4006 Aldinam
996 3941 1037 4006 ab
1060 3961 1100 4006 ea
1122 3939 1299 4007 adhibitam

162 4070 226 4115 non
249 4069 321 4116 esse
344 4055 429 4113 recte
451 4047 611 4126 observat,
639 4053 807 4131 propterea
829 4043 916 4128 quod
939 4065 1001 4108 nou
1021 4063 1132 4109 omnes
1147 4045 1216 4108 eius
1233 4045 1300 4109 lec-

161 4154 264 4220 tiones
288 4159 404 4218 tuetur.
452 4151 542 4230 Qruae
566 4149 723 4234 adiungit,
750 4169 812 4214 non
835 4167 907 4213 raro
929 4147 1078 4212 breviora
1100 4168 1196 4230 quarn
1212 4148 1299 4232 apud

162 4259 334 4324 Cornutum
355 4261 465 4320 extant
487 4253 594 4340 capuita
617 4254 732 4320 effecta
753 4271 825 4318 esse
842 4270 900 4336 per
914 4249 1101 4334 daducium,
1128 4259 1298 4316 1111111111-

163 4361 219 4425 bra
242 4360 336 4425 aliter
358 4359 516 4444 disposita
539 4358 615 4441 legi,
642 4357 681 4424 do
704 4357 744 4422 iis
767 4377 829 4420 uon
852 4361 902 4421 est
925 4375 981 4420 eur
1003 4361 1146 4439 repetam
1166 4354 1298 4436 quaein

1052 4462 1066 4508 5
1076 4459 1088 4491 1
