3274 4934
290 401 328 460 tt
727 433 770 442 -
817 399 902 479 {roo}
949 431 993 444 -

285 569 449 634 tribulium
471 569 640 636 concilium
664 568 787 634 referri.
819 569 871 633 eni
893 567 974 632 nihil
997 586 1163 632 commuue
1184 573 1254 633 erat
1274 585 1347 630 curn
1369 583 1424 628 se-

288 679 387 738 natu?
401 673 444 738 At
457 693 499 738 ne
513 673 626 752 multa,
646 673 789 757 φυλέται
811 671 1022 754 intellegendi
1044 678 1120 736 sunt
1142 677 1351 735 senatores
1372 663 1427 749 qui

292 785 356 842 tum
387 785 479 842 crant
507 776 610 842 tribus
631 775 834 860 Cecropidis:
867 775 921 859 qni
951 794 1023 840 cunr
1052 795 1093 839 ex
1116 781 1248 840 senatus
1269 771 1427 838 sententia

290 887 324 946 et
343 879 406 964 ipsi
429 879 585 965 peculiari
607 878 736 944 decreto
759 879 910 944 Bularchi
931 878 1058 944 tribulis
1086 878 1137 943 sui
1168 877 1305 942 honores
1325 895 1428 957 auge-

291 991 371 1066 rent,
405 983 440 1048 id
468 992 505 1050 ut
525 983 655 1068 publice
677 984 929 1067 perscriberetur
950 983 1120 1068 prytaniae
1141 982 1267 1047 scribae
1288 979 1428 1046 seuamri

291 1089 487 1154 committere
509 1087 605 1154 facile
627 1093 784 1173 poterant.
830 1087 956 1153 Pariter
976 1087 1011 1152 in
1026 1087 1155 1153 decreto
1170 1093 1302 1152 senatus
1316 1085 1349 1150 II
1364 1085 1427 1146 329

289 1199 458 1277 (quaestore
479 1199 513 1258 et
534 1191 640 1258 scriba
660 1192 763 1258 tribus
784 1191 938 1276 Aegeidis
966 1192 1107 1258 laudatis
1135 1185 1308 1272 εὐσεβείας
1329 1187 1427 1254 ἕνεκα

290 1303 328 1384 τῇ
346 1321 363 1374 ς
400 1292 516 1382 πρὸς
535 1292 639 1376 ,τοὺς
654 1292 755 1372 θεοὺς
770 1297 827 1360 καί
850 1297 1047 1382 φιλοτιμίας
1069 1303 1128 1382 τῆς
1151 1294 1200 1372 εἰς
1222 1292 1301 1371 τοὺς
1322 1293 1427 1380 φυλέ-

291 1423 352 1476 τας
384 1399 513 1466 additu
536 1398 714 1464 ἐπαινέσαι
747 1399 784 1464 δὲ
814 1400 871 1464 καί
904 1398 948 1464 ἐκ
979 1406 1054 1466 τῶν
1083 1400 1282 1486 φυλετῶν
1305 1397 1430 1462 Καλλι-

307 1499 370 1586 κρά
386 1527 446 1588 την
462 1503 664 1586 Κῇολλζατέα
678 1541 722 1550 -
739 1503 823 1570 redit
837 1503 871 1570 id
886 1523 1002 1570 nornen
1024 1502 1110 1568 infra
1130 1503 1163 1568 in
1186 1509 1355 1588 prylauurn
1376 1521 1430 1566 re-

291 1627 390 1672 censu
405 1632 466 1672 -:
492 1607 547 1674 nbi
564 1613 631 1674 τῶν
647 1604 847 1692 πρυτάνεων
861 1628 919 1694 pro
935 1606 971 1673 έκ
986 1614 1054 1674 τῶν
1068 1608 1222 1694 φυλετῶν
1237 1606 1306 1673 sine
1327 1625 1428 1672 causa

293 1710 511 1778 Kirolrhoslius
544 1712 653 1796 legere
682 1713 783 1779 malit
838 1712 923 1778 Nam
951 1712 1047 1780 etiarn
1076 1711 1111 1777 iu
1140 1711 1323 1778 summariis
1343 1709 1429 1776 inlr-a

293 1813 465 1900 adscriptis
494 1814 580 1898 quod
608 1822 734 1901 praeter
763 1817 861 1882 solita
889 1809 907 1882 ὃ
938 1816 1043 1903 oppos
1073 1814 1151 1893 τοὺς
1174 1814 1371 1902 πρυτάνεις,
1398 1811 1430 1878 οἱ

295 1914 449 2002 άῒσιτροζι
472 1915 532 1986 τὸν
551 1924 677 2002 ταμίαν
695 1919 908 2008 Νικοκράτην
921 1921 1091 2006 quinquies
1106 1928 1270 2005 comparet
1283 1918 1315 1984 οί
1331 1923 1376 2005 φζ
1385 1942 1432 1984 υ-

293 2023 433 2106 λ]έται
459 2019 520 2088 τὸν
546 2028 672 2106 ταμίαν
703 2022 930 2112 Νικοκράτην,
970 2023 1002 2090 σί
1031 2026 1174 2112 φυλέται
1197 2019 1434 2108 Καλλικράτην

296 2126 514 2208 Ιίολιλζυτέα,
552 2125 583 2191 oi
612 2128 757 2212 φυλέται
778 2126 839 2194 τὸν
861 2133 1060 2214 γραμματέα
1082 2126 1324 2215 Ὰνζτιλσθὲνρν
1345 2134 1425 2192 ete:

294 2229 438 2315 φυλέται
466 2229 530 2315 ipsi
559 2237 725 2296 senatores
755 2239 830 2298 suut
858 2241 890 2298 et
918 2241 1074 2318 prytaneo
1103 2232 1157 2316 qui
1190 2232 1324 2299 tribules
1354 2249 1432 2296 suos

295 2351 424 2398 munere
447 2331 572 2398 iunctos
593 2333 714 2400 honore
736 2333 892 2401 afficiunt.
938 2335 1061 2402 Eodem
1083 2334 1195 2402 referri
1217 2341 1324 2419 potest
1341 2332 1433 2416 trag-

294 2443 435 2502 mentum
464 2439 525 2500 568
561 2435 593 2501 oi
631 2439 774 2525 φυλέται
802 2436 956 2526 Σάτυρον
988 2436 1223 2526 Πρωτομήδου
1250 2436 1429 2520 Ἀθμονέα.

295 2539 459 2606 Laudatur
485 2540 584 2626 igitur
606 2541 784 2608 Bularehus
817 2563 889 2608 eum
922 2565 943 2610 a
972 2551 1088 2610 senatu
1116 2544 1188 2627 ipso
1221 2549 1287 2608 tum
1319 2563 1340 2606 a
1373 2540 1434 2606 de·

297 2643 381 2710 eima
403 2651 535 2710 senatus
557 2653 660 2730 parte,
686 2647 888 2714 senatoribus
910 2647 1012 2714 tribus
1034 2646 1232 2732 Cecropidis.

380 2747 477 2812 Porro
511 2755 643 2816 senatus
676 2749 776 2816 solius
805 2749 967 2817 decretum
997 2751 1199 2818 honorarium
1228 2755 1278 2816 est
1305 2749 1337 2813 Π
1366 2749 1432 2812 258

301 2849 454 2932 (01.119,
481 2853 523 2932 t),
549 2851 603 2918 ubi
626 2853 804 2918 Eucharenr
829 2854 951 2936 laudnt,
976 2853 1053 2938 qnia
1079 2849 1292 2939 [iuelpelqdq
1315 2849 1434 2922 δὲκαὶ

296 2957 354 3039 τῆς
381 2945 620 3041 [ἀναγλρφφῆς
642 2961 709 3022 τῶν
729 2953 870 3040 νίάμων,
907 2951 1003 3034 ὅπως
1020 2951 1064 3024 ἂν
1086 2955 1265 3040 devallium]
1291 2951 1435 3038 πά[ντες

295 3055 329 3121 oi
358 3058 673 3146 νεν]ομοθετημένοι
708 3058 786 3142 {inii
821 3063 1051 3147 wspsx[ieovgl
1085 3058 1248 3146 ἄρχοντος
1277 3070 1436 3140 utensile

296 3161 370 3242 urile
391 3160 629 3244 βουλοφιένιυζι
651 3163 708 3228 καί
736 3163 821 3250 μηδὲ
851 3161 900 3242 είς
929 3158 1057 3250 άγνίοῇ]
1084 3161 1163 3240 τοὺς
1190 3170 1249 3251 τῆς
1274 3158 1436 3246 [collatos

297 3261 434 3346 νόμους.
492 3263 630 3332 Ornatur
657 3273 764 3334 autem
787 3269 952 3334 Euchares
985 3287 1102 3335 corona
1133 3267 1297 3351 oleagina,
1334 3285 1434 3348 qnam

299 3373 384 3434 certe
407 3367 527 3452 pariter
555 3375 653 3453 atque
680 3370 784 3454 ipsam
814 3371 912 3457 pilam
940 3373 982 3455 (v.
1003 3374 1041 3437 18
1058 3391 1146 3457 sqq:
1175 3364 1373 3457 ἀναγράψαι
1395 3368 1436 3434 δὲ

298 3466 374 3536 τάδε
397 3466 434 3534 τὸ
458 3468 621 3558 ψήφισμα
644 3471 704 3538 τὸν
725 3479 924 3560 γραμματέα
957 3473 1017 3540 τὸν
1038 3472 1124 3540 κατὰ
1146 3475 1353 3560 πρυτανείαν
1375 3471 1435 3536 καί

297 3579 418 3660 στῆσαι
440 3573 633 3662 ἔμπροσθεν
655 3583 716 3642 τοῦ
736 3579 985 3666 βουλευτηρίου)
1012 3597 1053 3644 ex
1076 3585 1207 3644 senatus
1228 3576 1351 3644 aerario
1373 3575 1436 3642 da-

297 3683 362 3743 tam
396 3697 469 3744 esse
502 3685 638 3746 αοαιίαί.
685 3680 774 3746 Idem
804 3681 889 3766 quod
917 3683 1008 3767 leges
1039 3681 1226 3767 perscripsit
1253 3679 1433 3758 Euchares‚

298 3781 423 3848 senatui
453 3781 653 3867 potissimum
681 3792 807 3868 gratum
836 3785 953 3853 fecisse
987 3785 1038 3851 his
1070 3785 1178 3852 verbis
1210 3783 1430 3870 praedicatur:

300 3883 457 3968 δεδόχθαι
479 3892 518 3971 τῇ
541 3888 645 3972 βουλῇ
670 3886 848 3954 ἐπαινέσαι
870 3883 1025 3976 Εὐχάρην
1049 3941 1084 3956 ..
1112 3883 1231 3976 άρετῆς
1255 3886 1352 3954 ἕνεκα
1376 3887 1436 3950 καί

299 3986 512 4077 δικαιοσύνης
542 3997 599 4078 τῆς
627 3989 686 4068 εἰς
716 3990 782 4080 τὴν
804 3991 970 4081 βουλήν.
1019 3994 1073 4059 Sic
1096 3996 1157 4057 329
1180 4011 1304 4075 quoque
1325 3990 1360 4056 in
1383 3991 1438 4057 al-

298 4099 365 4158 tero
394 4101 524 4160 senatus
552 4093 679 4160 decreto
713 4103 864 4179 quaestor
889 4103 1020 4163 senatus
1046 4089 1218 4180 εὐσεβείας
1247 4093 1344 4161 ἕνεκα
1376 4099 1438 4182 τῆς

300 4193 388 4282 πρὸς
409 4193 486 4274 τοὺς
509 4194 606 4274 θεοὺς
629 4199 685 4262 καί
709 4199 903 4286 φιλοτιμίας
926 4207 984 4288 τῆς
1007 4199 1043 4264 εί
1051 4224 1068 4276 ς
1090 4199 1162 4288 τὴν
1183 4195 1339 4285 βουλήν
1360 4197 1438 4264 lau-

300 4299 408 4366 datur:
437 4321 494 4367 neo
518 4302 625 4368 dubito
648 4303 724 4385 quin
745 4307 806 4367 562
823 4304 1002 4370 Bularehus
1027 4326 1085 4389 per
1106 4311 1251 4371 senatum
1267 4309 1441 4368 coronetur
