3248 4928
313 397 353 458 oo
748 430 788 438 -
839 393 923 474 [suar
970 429 1013 437 -

313 589 421 648 nostro
444 581 644 667 Palaephato
673 583 848 668 pleniorem
879 583 957 648 vult.
1005 581 1101 646 Velut
1122 601 1154 665 p.
1180 581 1221 644 89
1243 577 1284 643 de
1307 578 1456 643 Bellero-

310 687 429 772 phonte
452 686 609 770 integrius
632 694 794 753 servatum
816 705 889 752 esse
907 684 1050 761 initinm;
1077 682 1162 767 quod
1178 702 1228 748 nre
1244 701 1305 746 nou
1321 681 1455 746 intelle-

313 810 388 874 gere
404 789 515 870 fate0r‚
543 810 614 856 oum
637 811 658 856 a
680 790 787 856 verbis
803 784 890 854 ἀλλὰ
905 795 1011 854 ταῦτα
1025 825 1069 835 -
1086 779 1287 873 &ventriosa
1305 779 1323 850 ὁ
1338 790 1456 867 μῦθος

311 893 443 958 tolidem
465 893 565 958 verba
587 893 706 958 babeat
727 899 823 976 atoue
845 892 1001 978 Palaepb.
1020 894 1071 955 29.
1113 889 1204 969 Quae
1226 897 1333 955 autem
1357 909 1456 973 prae-

277 989 281 997 *
312 996 439 1080 cedunt,
466 1017 484 1062 e
513 996 630 1077 (Treta.
649 997 729 1080 Lye.
751 999 799 1080 17)
826 995 1007 1061 Puavorino
1024 997 1081 1060 361
1109 1001 1140 1060 εί
1154 994 1230 1059 inde
1245 1015 1265 1058 a
1281 993 1387 1058 verbis
1410 987 1454 1054 τὰ

314 1099 350 1164 δὲ
373 1101 534 1187 περὶτῆς
557 1103 731 1186 Χιμαίρας
753 1095 832 1164 τάδε
855 1117 874 1164 e
897 1099 1012 1164 Nonno
1034 1097 1077 1164 ad
1100 1097 1155 1162 Gr.
1181 1097 1264 1162 Nan.
1290 1097 1365 1160 lau
1388 1095 1455 1159 ori-

313 1205 421 1287 ginem
445 1204 577 1270 ducunt.
611 1204 624 1289 ΙΙ
661 1203 775 1285 Neque
798 1223 831 1287 p.
858 1205 921 1267 208
944 1202 1044 1268 verba
1067 1195 1156 1266 ὅπου
1177 1238 1220 1247 -
1242 1194 1369 1288 ἡἭρα
1393 1219 1455 1263 un-

313 1327 409 1391 quam
431 1307 465 1372 iu
481 1305 670 1392 Palaephati
693 1306 784 1372 libris
806 1305 991 1389 extiterunt,
1017 1305 1077 1370 sed
1091 1325 1109 1371 e
1124 1305 1227 1370 Suida
1252 1305 1283 1386 (i.
1303 1323 1334 1368 v.
1345 1297 1450 1386 Ἥρα)

314 1410 478 1496 descripta
499 1431 519 1475 a
543 1408 722 1474 Pbavoriuo
745 1408 862 1494 accipit
884 1408 1038 1491 Eudooia‚
1064 1415 1171 1473 ταῦτα
1186 1405 1281 1492 παρὰ
1296 1413 1362 1472 τῶν
1377 1400 1456 1490 Ἀρ-

314 1518 415 1599 γείων
438 1511 636 1598 sepullum
666 1513 699 1578 in
729 1511 793 1577 fine
823 1511 863 1577 de
889 1531 947 1577 suo
970 1512 1097 1578 videtur
1117 1511 1293 1577 addidisse.
1328 1511 1340 1595 ll
1369 1511 1454 1576 Tum

313 1638 347 1701 p.
366 1620 429 1681 250
452 1613 547 1680 aad&
562 1616 619 1680 καί
635 1609 652 1680 ὁ
673 1612 835 1697 Τελαμὼν
848 1653 890 1662 -
907 1619 1067 1702 φαίνεται
1082 1621 1114 1681 et
1129 1616 1260 1700 λέγεται
1276 1613 1312 1678 δὲ
1328 1613 1385 1676 καὶ
1401 1607 1453 1676 ὅτι

316 1716 437 1796 κάλλος
467 1726 648 1806 περιττοῦν
677 1712 767 1800 εἶχεν
796 1719 1018 1786 ePbevorino
1040 1723 1103 1783 973
1127 1719 1224 1784 habet
1244 1717 1328 1782 End.
1359 1717 1455 1800 (Pira-

315 1822 417 1888 vorini
440 1823 511 1888 lons
535 1829 585 1889 est
599 1823 689 1888 Euat.
709 1823 802 1890 Hom.
822 1842 854 1907 p.
878 1824 963 1906 10¹),
990 1822 1080 1888 ouius
1101 1821 1204 1888 lexico
1227 1820 1344 1902 omnia,
1370 1839 1453 1903 quae

315 1933 442 2012 praeter
464 1926 695 2011 Palaephatum
719 1925 753 1990 iu
775 1926 833 1990 illa
854 1927 964 2009 glossa
986 1932 1111 2009 extant,
1142 1925 1310 1992 debentur.
1358 1923 1454 1989 Oete·

316 2049 385 2094 rum
411 2025 625 2111 Τελαμώνιος
648 2035 733 2095 reete
752 2027 913 2112 Eustath;‚
941 2026 1093 2112 τελαμὼν
1114 2029 1215 2094 Pbav.
1233 2027 1316 2094 llud.
1354 2027 1358 2111 Ι
1393 2051 1456 2091 πε-

317 2130 448 2218 ριττόν
470 2133 576 2212 diust,
610 2138 813 2217 περιττοῦν
835 2133 936 2198 Phav.
961 2133 1044 2198 Eud.
1085 2133 1098 2216 ΙΙ
1135 2133 1225 2211 Quae
1247 2133 1280 2196 in
1303 2131 1349 2214 gl.
1376 2132 1455 2214 περὶ

317 2235 460 2303 Κύκνον
481 2257 513 2320 p.
533 2239 594 2300 264
619 2233 816 2320 Palaephato
838 2236 948 2302 tribuit
962 2234 1075 2318 Flaob,
1102 2255 1199 2320 supra
1214 2258 1246 2321 p.
1266 2238 1302 2298 al
1322 2234 1456 2299 demon-

317 2340 489 2406 stravimus
512 2338 621 2404 deberi
644 2337 835 2404 Pbavorino.
876 2340 889 2424 Η
926 2341 1006 2423 Pag.
1032 2346 1138 2406 autern
1162 2341 1235 2420 290,
1265 2357 1347 2422 quae
1370 2337 1455 2422 apud

317 2445 419 2510 solam
442 2442 616 2508 Eudoeianr
647 2442 797 2525 leguntur
825 2435 865 2507 ὅν
896 2436 1098 2528 pontelini)
1129 2449 1188 2530 τῆς
1216 2438 1372 2528 ἑψήσεως
1397 2447 1456 2526 τῆς

319 2547 475 2634 Μηδείας
497 2546 703 2632 τελευτῆσαι,
730 2565 922 2629 quamquam
946 2565 1008 2610 non
1032 2546 1140 2632 inepte
1162 2545 1274 2612 addita
1296 2553 1380 2626 sunt,
1405 2551 1457 2610 ta-

317 2672 390 2716 men
413 2649 597 2716 ueeessaria
619 2669 659 2714 ea
680 2667 753 2714 esse
776 2669 839 2714 non
858 2647 962 2730 video,
987 2653 1091 2731 neque
1106 2649 1246 2718 dubitari
1260 2655 1367 2733 potest
1380 2648 1457 2732 quin

317 2754 448 2819 aliunde
465 2753 616 2819 falsarius
632 2751 846 2832 arcessiverit‚
865 2751 1053 2835 praesertim
1069 2773 1140 2817 oum
1156 2773 1196 2818 ea
1210 2751 1282 2836 ipsa
1297 2752 1329 2816 in
1345 2751 1459 2834 glossa

318 2857 398 2922 satis
429 2858 529 2922 multa
557 2864 590 2922 et
619 2856 766 2941 speciosa
787 2854 911 2938 vulgati
934 2862 1041 2922 textus
1062 2855 1181 2922 menda
1203 2856 1310 2922 omnia
1331 2856 1364 2920 in
1388 2855 1459 2920 vie

319 2961 398 3025 lario
421 2961 580 3042 legantur,
605 2960 693 3026 velut
714 2963 895 3044 χαίροντας
910 2977 981 3024 enm
998 2958 1209 3026 deterioribus
1224 2960 1315 3025 libris
1331 2967 1364 3026 et
1379 2957 1456 3025 Ald.

319 3073 351 3130 et
374 3065 447 3129 Bas.
474 3083 531 3149 pro
553 3065 723 3147 γέροντας,
750 3062 913 3144 μέλανας
935 3069 1042 3128 autern
1066 3082 1136 3128 oum
1160 3062 1239 3130 solis
1261 3061 1461 3130 editionibus

319 3187 375 3252 pro
390 3174 479 3232 reeta
493 3165 638 3231 oodieum
654 3165 757 3231 forma
778 3165 960 3247 μελαίνας
979 3168 1034 3250 (so.
1053 3168 1194 3250 τρίχας),
1221 3187 1325 3250 neque
1348 3165 1462 3252 πράγ-

318 3294 416 3352 ματι,
452 3268 536 3352 quod
559 3289 628 3334 oum
652 3269 786 3353 vulgato
807 3275 895 3334 textu
918 3288 976 3352 pro
999 3269 1148 3335 librorum
1173 3269 1310 3336 leotione
1333 3267 1463 3356 πυριά-

320 3399 402 3457 ματι
423 3373 521 3438 babet
535 3371 631 3455 llud.7
657 3371 691 3438 in
713 3373 780 3438 ullo
802 3371 912 3438 codiee
936 3372 1056 3457 legisse
1071 3373 1293 3440 Westermann
1317 3373 1459 3440 videtur.

320 3477 465 3560 Denique
488 3477 595 3560 νοορίᾳ
616 3472 788 3560 χρώμενος
810 3497 867 3561 pro
890 3473 1111 3564 assumpseras,
1138 3477 1225 3561 quod
1246 3477 1280 3542 in
1303 3477 1367 3544 fine
1391 3497 1463 3543 ser-

320 3589 375 3645 rat
390 3578 486 3662 Eud,
512 3578 780 3645 verisimillimum
803 3587 852 3646 est
874 3581 908 3648 in
923 3581 1080 3648 editiones
1096 3581 1224 3648 venisse
1240 3601 1258 3647 e
1274 3583 1463 3648 oonieetura

319 3685 406 3750 didi.
439 3684 451 3768 ΙΙ
482 3683 593 3766 Neque
615 3703 648 3767 p.
675 3686 735 3747 408
765 3683 816 3767 (de
837 3685 1029 3768 Hyacinthe)
1056 3685 1155 3752 verba
1176 3678 1401 3764 ὑποκοανίζει
1424 3685 1463 3750 δὲ

320 3786 380 3876 τὴν
410 3783 516 3870 χρόαν
546 3783 583 3850 τὸ
615 3781 723 3863 ἄνθος
745 3825 787 3834 -
811 3785 913 3864 ἐνίοις
935 3788 1000 3853 ullo
1030 3788 1124 3854 modo
1153 3789 1232 3854 mibi
1262 3790 1464 3875 persuadere

319 3911 448 3978 possum
480 3909 498 3956 e
522 3890 721 3974 l'alaepbato
749 3891 916 3975 irrepsisse
938 3891 972 3956 in
994 3891 1156 3958 Eudoeiae
1179 3892 1314 3976 librum,
1345 3915 1465 3978 quarn-

319 4017 415 4080 qnaru
439 3994 523 4059 unde
545 3993 603 4058 illa
625 3994 761 4075 duxerit,
789 3995 895 4060 adhue
918 3995 1037 4060 frustra
1058 4015 1188 4078 quaero.
1217 3997 1230 4082 ΙΙ
1260 3997 1297 4061 Ρ.
1315 4001 1379 4060 414
1403 3997 1467 4063 de-

320 4100 417 4182 nique
439 4099 538 4163 verba
561 4091 646 4161 ὅθεν
669 4091 752 4162 ὅταν
774 4091 929 4174 ἀκούσας
946 4097 1059 4178 (ίίάων,
1086 4106 1152 4164 τῶν
1174 4093 1361 4185 εὐμορφίαν
1382 4126 1466 4188 νοη-

320 4207 397 4267 τίον
425 4221 487 4264 nou
510 4199 726 4284 Palaephatus
750 4202 912 4267 Eudooiae
943 4202 1214 4286 subministravit,
1252 4203 1308 4268 sed
1333 4203 1465 4270 Pharo-

322 4307 427 4370 riuus:
458 4303 555 4367 babet
577 4303 660 4366 euiur
685 4303 736 4368 bio
759 4325 792 4388 p.
821 4308 902 4368 1823
926 4305 1164 4389 Hesyebianam
1187 4306 1330 4388 glossam
1357 4307 1466 4374 Φάων
