3248 4928
328 397 367 458 an
762 431 805 439 -
853 395 937 476 [334]
986 430 1027 438 -

325 583 479 650 Eudooia.
510 583 523 668 ΙΙ
549 584 662 666 Neque
684 606 716 668 p.
737 587 799 648 ‘286
822 584 855 648 in
878 583 987 666 glossa
1010 584 1088 668 περὶ
1106 579 1269 668 Μεγάρας
1292 581 1458 666 quiequam

326 711 344 756 e
367 689 476 754 Tzetz.
503 688 580 772 Lye.
609 690 649 752 38
672 687 771 753 habet
794 686 955 770 Eudooia,
982 687 1040 754 sed
1062 693 1160 753 totam
1183 703 1222 752 ex
1245 687 1395 752 Eustath.
1420 685 1460 752 ad

325 794 418 858 Hom.
444 814 476 878 p.
498 793 579 857 1683
603 791 750 877 sumpsit.
784 791 796 877 ΙΙ
831 791 868 855 Ρ.
894 793 957 855 376
985 792 1065 878 περὶ
1093 797 1152 879 τῆς
1175 787 1336 878 Σκύλλης.
1385 795 1462 856 Μυ-

326 893 467 962 estem
488 933 531 943 —
564 895 740 984 θηριωδῶς
762 915 826 961 non
848 897 982 962 Tzetzes
1005 896 1084 982 Lyo.
1108 901 1159 978 45,
1186 894 1244 961 sed
1265 896 1372 961 Nonn.
1392 895 1460 959 152

326 1000 489 1067 Eudooiee
512 1001 584 1066 fons
607 1007 667 1066 est.
700 1000 712 1085 ΙΙ
747 1001 783 1064 Ρ.
803 1003 861 1063 411
889 1000 1025 1084 deniqne
1048 1020 1104 1066 our
1125 1020 1143 1066 e
1165 1001 1274 1066 Tzetz.
1301 999 1382 1084 Lyo.
1402 1001 1461 1063 ton
1578 1081 1579 1086 η

326 1125 399 1171 esse
429 1104 516 1170 dieat
538 1102 637 1170 Flaoh
662 1104 760 1169 verba
791 1103 925 1190 Φαίδρα
947 1141 989 1152 -
1012 1099 1262 1187 διαλαμβάνων,
1295 1123 1361 1169 non
1391 1123 1462 1187 per-

327 1209 440 1295 spioio.
487 1209 600 1290 Neque
634 1207 719 1273 enim
752 1207 798 1273 ibi
831 1227 935 1290 neque
969 1209 1035 1274 ullo
1068 1207 1195 1291 omnino
1223 1207 1364 1273 Tnetnae
1396 1207 1462 1272 looo

327 1312 495 1379 Phaedrae
524 1317 579 1376 aut
604 1310 772 1396 Hippolyti
802 1311 922 1377 mentio
952 1311 997 1377 fit.
1052 1312 1138 1377 Fons
1166 1317 1216 1378 est
1242 1311 1333 1377 Euat
1369 1311 1459 1376 Hom.

330 1417 424 1480 1688.

413 1623 482 1688 lam
505 1621 786 1704 provideamus,
821 1641 883 1704 quo
913 1621 982 1687 iore
1012 1621 1112 1688 Flaeh
1134 1643 1167 1707 p.
1189 1626 1248 1688 134
1272 1621 1459 1702 Εσᾱοοὶειιι,
1579 1609 1580 1614 ’

326 1727 410 1812 quod
433 1725 596 1792 nonnullis
626 1725 706 1792 loois
736 1725 862 1811 plenior
891 1725 934 1792 sit
955 1727 1093 1792 Tzetnae
1123 1725 1272 1806 scholiis,
1304 1745 1400 1792 usam
1425 1725 1463 1790 iis

326 1851 399 1897 esse
421 1837 530 1914 neget.

416 1935 442 2018 1)
471 1933 505 1998 P.
525 1935 566 1998 85
597 1925 641 2008 ὡς
670 1941 741 2009 τοῖς
765 1931 906 2009 πολλοῖς
929 1929 1120 2021 ἱστόρηται,
1155 1939 1188 2000 et
1211 1927 1345 2020 ἀκριβεῖ
1369 1932 1464 2018 ζυγο-

328 2031 519 2124 σταίλμησει
541 2033 705 2123 τρυτάνης
735 2043 796 2102 τοῦ
826 2035 927 2122 ζυγοῦ
956 2031 1044 2124 ὑπὲρ
1067 2044 1127 2103 τοῦ
1156 2044 1277 2124 νεκροῦ
1290 2031 1461 2122 Ἕκτορος,

327 2138 442 2228 λάθρα
466 2147 532 2206 τῶν
550 2133 726 2227 Ἑλλήνων,
755 2147 813 2227 τῆς
835 2137 955 2217 νυκτὸς
977 2148 1010 2208 et
1031 2139 1079 2217 εἰς
1102 2139 1140 2206 τὸ
1160 2134 1324 2208 Ἠλύσιον
1348 2141 1465 2208 πεδίον

327 2239 616 2330 παραγενόμενος.
663 2242 689 2306 Ε
713 2243 835 2309 seholio
857 2245 966 2310 Tzetz.
987 2245 1065 2329 Lyo.
1085 2246 1147 2309 269
1170 2243 1267 2310 dueta
1288 2243 1373 2313 haee
1396 2265 1464 2312 esse
1580 2257 1581 2282 4

326 2369 421 2434 posse
450 2355 536 2414 reete
565 2353 663 2432 negat
692 2347 804 2413 Flaoh.
852 2347 935 2412 Nam
959 2367 977 2413 e
999 2348 1179 2414 Phavorino
1202 2370 1234 2434 p.
1260 2352 1324 2414 340
1354 2369 1465 2436 prove·

326 2454 419 2519 niunt
433 2451 533 2518 verba
556 2443 573 2516 ὃ
590 2450 627 2516 δὲ
643 2451 838 2538 Πολυξένης
860 2472 892 2536 p.
908 2453 948 2516 84
974 2489 1010 2498 -
1035 2449 1181 2534 Ἀχιλλεῖ
1196 2451 1344 2519 δέδωκεν
1367 2476 1398 2540 p.
1413 2458 1462 2520 85.

326 2557 424 2644 Apud
452 2556 543 2622 illum
574 2561 682 2622 entem
713 2555 822 2621 neseio
850 2575 912 2639 quo
942 2575 1019 2622 casu
1050 2556 1092 2640 (in
1115 2557 1206 2622 Rom.
1239 2563 1272 2624 et
1293 2557 1372 2624 Bas.
1398 2559 1459 2640 ed.)

327 2661 450 2728 seholia
472 2663 581 2726 Tzetz.
607 2661 684 2745 Lyo.
704 2662 766 2725 269
791 2668 823 2726 et
845 2663 907 2724 270
930 2659 977 2726 ita
998 2659 1251 2744 ooninnguntur‚
1284 2669 1321 2728 ut
1351 2663 1465 2748 prioris

326 2765 446 2832 omisso
475 2765 574 2830 verbo
607 2770 750 2830 extremo
784 2762 907 2828 δέδωκε
940 2763 1023 2830 haee
1055 2764 1212 2830 existant:
1250 2761 1292 2829 τά
1324 2765 1418 2852 δῶρα
1446 2763 1466 2828 ἃ

327 2871 485 2955 Πρίαμος
508 2873 643 2955 σκεθρηῖ
666 2863 819 2952 ταλάντῳ
845 2865 915 2954 η’τοι
940 2861 1072 2954 ἀκριβεῖ
1101 2866 1380 2956 ζυγοσταθμήσει
1410 2875 1466 2934 τοῦ

328 2971 439 3056 ζυγοῦ.
486 2970 576 3049 Quae
598 2973 698 3038 verba
712 2971 855 3038 Eudooia
873 2971 1044 3056 descripsit
1065 2979 1098 3038 et
1120 2979 1154 3038 ut
1177 2991 1306 3038 sensnm
1324 2975 1464 3058 aliquem

326 3075 395 3140 loeo
419 3074 520 3158 daret,
553 3076 635 3141 bene
657 3075 783 3142 addidit
805 3075 904 3142 verba
926 3075 1035 3142 neseio
1064 3075 1149 3142 unde
1171 3075 1274 3161 petita
1294 3069 1386 3162 ὑπὲρ
1410 3083 1467 3142 τοῦ

326 3185 447 3266 νεκροῦ
460 3173 619 3267 (Έκτορος
642 3176 757 3264 λάθρα
780 3185 846 3244 τιῖιν
864 3172 1030 3266 Ἑλλήνων
1056 3186 1114 3266 της
1137 3177 1256 3256 νυκτὸς
1285 3187 1333 3266 τῷ
1356 3178 1465 3264 Ἀχιλ-

327 3283 378 3348 λεῖ
400 3281 554 3367 δέδωκεν,
590 3284 727 3350 fortasse
756 3283 852 3348 etiam
881 3283 922 3348 ab
952 3283 1023 3368 ipsa
1048 3283 1131 3349 fieta.
1181 3283 1264 3349 Tum
1286 3285 1390 3351 verba
1420 3283 1466 3360 είς

326 3382 363 3448 τὸ
377 3379 539 3452 Ἠλύσιον
555 3385 675 3452 πεδίον
690 3383 966 3472 παραγενόμενος
988 3386 1128 3452 verbise
1149 3387 1269 3469 (Tzetz.
1287 3387 1369 3472 Lye.
1391 3391 1459 3470 798)

327 3487 427 3554 Phav.
447 3493 509 3552 340
533 3490 642 3574 petitis
665 3489 763 3554 adicit
786 3510 826 3554 ex
850 3489 963 3555 eadem
986 3489 1159 3555 Phavorini
1188 3490 1311 3575 pagina
1334 3493 1466 3558 eadem·

326 3613 389 3676 qne
412 3614 430 3659 e
452 3593 573 3677 glossa,
608 3593 659 3660 oui
689 3593 785 3659 etiam
816 3593 901 3658 infra
924 3593 1020 3660 debet
1042 3594 1140 3659 verba
1168 3594 1226 3658 καὶ
1248 3601 1351 3661 τοῦτο
1375 3601 1465 3680 πρῶ-

326 3721 442 3773 τος-
470 3695 616 3780 ἔντιμον.
664 3697 733 3762 lam
757 3689 801 3773 ὡς
815 3709 886 3774 τοῖς
905 3697 1046 3774 πολλοῖς
1069 3693 1243 3784 ἱστόρηται
1266 3699 1464 3766 levissimum

325 3807 375 3866 est
398 3801 522 3868 falsandi
545 3801 809 3868 additamentum.

412 3907 442 3990 2)
469 3906 504 3970 P.
528 3909 587 3970 108
613 3906 793 3988 Κασταλίηι
817 3912 862 3990 τῷ
886 3906 991 3992 Κρητὶ
1019 3898 1181 3970 ἀποικίαν
1211 3907 1425 3991 στελλομένῳ
1448 3899 1464 3970 ά

327 4005 503 4074 Ἀπόλλων
533 4029 571 4074 ex
601 4009 744 4094 pleniore
772 4008 814 4073 ad
845 4008 1004 4093 Lycophr.
1031 4012 1093 4073 208
1122 4008 1244 4074 scholio
1272 4010 1372 4078 dueta
1395 4031 1464 4078 esse

326 4111 483 4178 immerito
517 4111 652 4178 oonieeit
684 4112 796 4177 Flaeln.
852 4113 953 4176 Immo
986 4119 1053 4176 tota
1085 4112 1196 4194 glossa
1230 4133 1248 4178 e
1285 4115 1464 4180 Phanorino

327 4235 360 4298 p.
381 4219 441 4279 465
466 4215 628 4298 descripta
651 4223 715 4294 est,
743 4215 798 4280 ubi
821 4215 883 4281 duo
906 4215 1010 4280 fontes
1034 4217 1141 4279 Tzetz.
1170 4215 1248 4300 Lyo.
1270 4221 1334 4284 208
1358 4225 1391 4284 et
1413 4218 1461 4282 Et.

327 4317 434 4408 Magn.
457 4322 530 4402 255,
554 4323 588 4382 li
613 4319 730 4408 integri
752 4325 871 4388 extant.
920 4318 1021 4387 Priori
1042 4317 1214 4390 Phavorini
1244 4321 1378 4408 glossae
1400 4323 1463 4390 Eu-
