3248 4928
289 391 329 452 sn
725 427 765 436 -
813 391 899 471 [aas]
947 428 988 436 -

288 578 474 644 memoratio
497 578 612 644 docere
634 584 758 664 poterat
778 551 962 644 Heilesiom
990 577 1033 642 ad
1055 577 1181 643 Febris.
1206 576 1292 642 Bibl.
1317 596 1367 659 gr.
1393 575 1426 640 11

287 703 320 767 p.
339 686 438 748 tlt«
475 682 569 749 Certe
585 703 658 749 enm
672 702 765 749 nemo
781 689 923 750 veterum
938 683 1094 748 eomienm
1108 682 1199 747 illum
1215 680 1348 761 noverit,
1374 679 1427 744 in-

288 786 430 852 ventioni
444 785 716 872 impudentissimi
730 787 853 852 falsarii
869 807 942 852 enm
958 785 1091 869 eiusque
1107 783 1289 851 comoedias
1304 785 1422 850 tribuo.

373 891 423 956 De
446 891 584 976 Apsyrto
612 890 737 958 medico
759 913 791 976 p.
818 893 858 956 65
889 891 1079 956 vocabulum
1101 886 1216 974 ἰατρός
1245 888 1337 954 addit
1356 889 1425 952 En-

287 993 380 1060 docia
402 995 532 1078 glossae
547 994 712 1060 Snidanae
735 1001 768 1060 et
789 993 859 1060 eius
881 993 923 1060 de
945 993 1038 1078 equis
1055 993 1170 1060 librum
1186 999 1336 1076 quattuor
1349 1013 1426 1077 pnr-

285 1098 373 1164 tibus
396 1097 580 1164 distinctum
601 1097 703 1164 fuisse
727 1097 825 1164 refert
849 1095 1007 1184 (ponendo
1029 1098 1108 1182 περί
1130 1104 1196 1162 τῶν
1218 1090 1329 1164 αὐτῶν
1343 1091 1425 1160 δίδ-

286 1224 356 1286 ymo
377 1201 469 1268 Suid.
495 1209 529 1270 et
549 1201 646 1284 Eud„
673 1199 710 1268 ἐν
731 1202 877 1284 βιβλίοις
899 1205 1080 1288 τέσσαρσιν
1100 1200 1323 1285 adstitere).
1364 1201 1425 1265 At-

286 1306 342 1387 qni
364 1325 438 1372 eum
460 1305 593 1390 Apsyrti
623 1305 739 1372 librum
769 1305 926 1372 hebemus
948 1313 981 1371 et
1003 1306 1063 1370 hoc
1085 1305 1215 1389 quidem
1237 1305 1307 1370 loco
1328 1311 1423 1388 qnat-

285 1416 357 1476 tuor
385 1410 484 1476 libros
513 1409 596 1475 lnlso
618 1408 791 1493 fingentem
814 1409 1084 1494 deprehendimus
1106 1408 1288 1487 falsarium
1321 1429 1423 1490 quare

286 1512 362 1578 aliis
383 1533 508 1596 quoque
531 1512 611 1578 locis
633 1513 754 1598 optimo
776 1513 846 1580 inre
868 1513 909 1580 de
924 1512 1086 1580 Eudocise
1108 1512 1173 1579 fide
1191 1512 1420 1579 dubitabimus.

372 1618 408 1682 P.
428 1619 469 1682 68
492 1616 534 1682 de
548 1617 753 1700 Aristonymo
775 1618 896 1684 comico
911 1617 1040 1701 glossae
1055 1637 1073 1682 e
1091 1617 1192 1684 Suida
1205 1617 1325 1702 petitae
1340 1617 1423 1683 haec

285 1719 450 1806 subiungit
464 1719 625 1786 sedecia:
651 1721 709 1785 καί
732 1715 817 1786 ἄλλα
840 1717 952 1786 πολλὰ
974 1717 1217 1806 συγγράμματα
1241 1713 1345 1786 αὐτοῦ
1366 1715 1423 1787 εὖ·

284 1827 458 1910 ρίσκονται
480 1820 583 1908 λόγου
605 1818 694 1903 ἄξια.
741 1825 833 1904 Quae
861 1825 935 1912 ipsa
962 1824 1079 1892 indicio
1106 1831 1180 1892 sunt
1200 1824 1301 1890 Snida
1329 1845 1421 1890 neam

285 1948 357 1993 eam
373 1947 457 1994 esse.
496 1927 623 1994 Etenim
638 1949 721 2010 qnae
736 1928 825 2013 opnd
839 1927 1083 2012 Bernhardyum
1098 1927 1242 2010 sequitur
1256 1927 1367 2010 glossa
1381 1927 1423 1993 de

284 2032 489 2115 Aristonymo
522 2031 625 2097 altero
654 2031 895 2098 Alexandrinae
929 2032 1142 2098 bibliothecae
1169 2031 1349 2117 praefecto,
1386 2031 1422 2096 in

223 2166 233 2176 ·
284 2135 431 2202 omnibns
465 2134 586 2202 Suidae
618 2135 711 2202 libris
743 2135 826 2202 salso
859 2155 930 2202 cum
964 2136 1026 2202 hac
1059 2136 1170 2219 glossa
1203 2135 1417 2218 coniungitur.

284 2239 391 2305 Ouios.
413 2238 447 2304 in
477 2237 541 2304 fine
570 2257 640 2304 cnm
669 2239 770 2306 verba
798 2239 947 2322 legantur
975 2237 1219 2326 συγγράμματα
1248 2237 1284 2303 δὲ
1316 2232 1422 2304 αὐτοῦ

283 2339 377 2408 πάνυ
397 2340 528 2424 πολλά,
560 2341 737 2408 Eudoeiam
765 2342 846 2408 duas
868 2363 924 2409 eas
947 2343 1074 2427 glossas
1096 2363 1159 2408 non
1182 2342 1349 2410 distinctas
1371 2343 1422 2409 le·

281 2445 370 2529 gisse
391 2451 425 2511 et
446 2445 589 2528 reliquis,
615 2453 651 2511 ut
671 2446 764 2526 solet,
791 2446 918 2512 omissis
940 2465 1037 2512 onem
1060 2447 1211 2512 librorum
1227 2446 1420 2514 mentionem

281 2547 314 2613 in
338 2547 506 2614 violerium
528 2548 690 2633 recepisse
713 2549 829 2616 elucet.
875 2549 960 2614 Nam
982 2548 1068 2632 quod
1090 2549 1189 2616 verba
1215 2547 1317 2634 λόγου
1339 2543 1420 2627 ἄξια

281 2651 398 2734 adicit,
431 2671 495 2716 non
517 2658 567 2718 est
588 2671 645 2717 cur
666 2652 833 2734 miremur,
866 2653 1016 2736 quoniam
1039 2645 1213 2719 sescenties
1236 2653 1355 2718 similia
1376 2673 1419 2719 ex

280 2753 412 2838 ingenio
434 2753 552 2839 poenit.
648 2800 652 2812 ,

367 2859 405 2922 P.
424 2859 464 2920 74
486 2857 520 2922 in
542 2857 612 2924 vite
631 2858 834 2926 Archimedis
855 2858 937 2926 haee
958 2859 1065 2928 addit:
1091 2861 1149 2925 καί
1171 2859 1219 2936 είς
1241 2883 1336 2935 τινας
1358 2865 1422 2926 τοῦ

281 2957 469 3038 Πλάτωνος
484 2959 674 3046 διαλόγους.
714 2962 801 3040 Quos
817 2963 1062 3030 commentarios
1077 2983 1149 3030 enm
1165 2969 1308 3030 veterum
1323 2983 1421 3030 nemo

280 3065 414 3148 noverit,
441 3065 497 3130 uni
519 3065 683 3132 Eudoclae
705 3073 741 3131 ut
763 3066 909 3133 extitisse
931 3087 986 3133 eos
1009 3067 1148 3148 eredem,
1175 3087 1240 3134 non
1261 3066 1418 3132 adducor.

367 3169 402 3232 P.
429 3171 469 3232 75
493 3168 573 3254 περὶ
593 3162 859 3253 Ἀνδρσίλείδσυ.
907 3168 943 3234 ἐν
965 3163 1200 3256 Ἀλεξανδρείᾳ
1225 3169 1266 3237 de
1288 3189 1346 3236 suo
1369 3171 1420 3236 vi-

280 3273 373 3340 detur
395 3272 540 3338 Eudoeia
561 3271 741 3338 addidisse.
784 3273 935 3339 Aldinam
958 3273 1043 3339 enim
1066 3273 1187 3340 Snidae
1210 3275 1269 3339 hoc
1291 3275 1363 3340 loco
1384 3281 1420 3340 et

281 3399 313 3462 p.
332 3379 373 3442 59
397 3394 583 3462 expressam
605 3395 762 3462 apparere
783 3397 882 3463 supra
910 3379 950 3463 (p.
970 3379 1021 3460 74)
1049 3377 1129 3444 dixi.

366 3480 402 3546 P.
424 3485 484 3544 100
508 3479 714 3546 Genethlium
737 3481 915 3564 quinque
928 3481 1143 3565 panegyricos
1158 3481 1326 3565 scripsisse
1339 3501 1419 3546 nar-

279 3590 329 3650 rat
352 3584 505 3650 Endocia.
554 3584 672 3650 Snidas
701 3605 772 3650 enm
803 3603 969 3650 numerum
992 3605 1057 3650 non
1079 3585 1136 3651 det
1156 3601 1260 3667 neque
1281 3584 1418 3650 aliunde

278 3687 320 3754 de
350 3708 482 3754 numero
512 3693 648 3769 constet,
684 3687 845 3754 lrlndociae
875 3687 1089 3756 inventionem
1118 3707 1333 3788 agnoscamus
1359 3709 1420 3754 ne-

279 3806 371 3856 cesse
393 3797 455 3857 est.

364 3895 399 3959 P.
423 3897 482 3962 128
505 3893 723 3981 Αίδιοιιικὴν
738 3893 892 3980 ἱστορίαν
912 3895 1082 3982 scripsisse
1098 3895 1318 3964 Damocritum
1332 3913 1419 3962 unus

278 4005 391 4064 auctor
411 4005 461 4064 est
482 3998 652 4064 falsarios.¹

363 4103 400 4166 P.
429 4106 489 4167 rte
512 4103 759 4188 sapidiores.
795 4101 882 4168 κατὰ
904 4102 1047 4179 δεκάδας
1069 4103 1160 4170 Suid.
1186 4103 1268 4168 Eud.
1310 4103 1420 4170 Verba

277 4201 391 4291 ὥσπερ
415 4207 472 4269 καί
493 4213 551 4272 wi
577 4210 779 4288 Πασαβινσδ
793 4211 923 4289 Λιβίσα
945 4206 1089 4298 Endoeie
1110 4227 1173 4272 non
1196 4227 1238 4274 ex
1253 4207 1419 4291 Hesychio

276 4309 358 4384 Mil„
393 4309 451 4372 sed
482 4329 501 4373 e
523 4309 617 4375 Livio
642 4309 714 4393 ipso
744 4310 854 4391 addit,
886 4331 982 4393 quem
1011 4312 1171 4378 einotum
1194 4310 1294 4378 fuisse
1317 4312 1417 4378 etiam
