3274 4934
650 405 694 416 -
741 372 824 453 [195]
872 409 916 424 -
1311 385 1356 446 ιο

210 556 468 642 frequentissime
498 564 625 642 praeter
653 567 801 626 senatum
829 561 984 630 militares
1014 564 1223 648 magistratus
1244 569 1352 635 iurant

216 660 268 742 (cf.
295 659 445 728 Koehler.
470 661 505 726 in
526 661 635 728 Herm.
662 663 690 728 V
712 666 743 728 9.
791 664 945 730 Mittdec'l.
970 667 1075 750 124).

297 765 356 830 His
386 771 538 849 quantum
561 765 722 850 potuimus
744 767 943 836 adumbratis
966 769 1009 835 ad
1042 769 1169 837 titulum
1192 773 1232 839 0.-
1255 775 1280 838 I.
1307 777 1346 840 Α.

210 871 255 936 lV
278 871 348 938 27a
370 869 535 955 paulisper
556 868 741 954 redeamus,
773 891 836 955 quc
865 893 929 938 non
951 873 1053 938 solum
1076 874 1177 960 primo
1201 875 1351 944 docemur

210 981 355 1040 senatum
379 973 580 1058 pactionibus
602 975 691 1040 initis
714 976 825 1060 populi
847 977 1159 1060 nomineiuravisse,
1179 979 1349 1047 sedetiam

210 1078 400 1144 sacrificium
429 1077 592 1161 publicum
623 1097 771 1161 curasse,
804 1079 845 1145 cs.
871 1101 902 1144 v.
929 1083 987 1145 64:
1021 1077 1063 1144 τὰ
1092 1080 1128 1146 δὲ
1152 1080 1226 1167 ἱερὰ
1249 1080 1291 1147 τὰ
1315 1081 1349 1148 ἐκ

209 1189 276 1248 τῶν
297 1187 455 1268 χρησμῶν
486 1175 574 1266 ὑπὲρ
599 1175 744 1262 Εὐβοίας
767 1184 868 1248 θῦσαι
895 1177 939 1260 ὡς
972 1181 1114 1265 τάχιστα
1143 1183 1228 1268 μετὰ
1249 1179 1350 1270 Ἱερο-

210 1288 326 1361 κλέους
359 1297 448 1368 τρεῖς
477 1279 602 1370 ἄνδρας
632 1281 690 1361 οὓς
720 1283 761 1350 ἂν
789 1285 904 1372 ἕληται
932 1281 1079 1375 viduvii]
1104 1295 1201 1374 σφῶν
1224 1283 1343 1355 αὐτῶν.

209 1391 374 1468 Ceterum,
413 1395 448 1453 ut
477 1408 507 1451 v.
535 1391 575 1451 20
605 1387 654 1470 (cf.
681 1410 713 1473 p.
741 1389 806 1472 39),
841 1388 892 1454 hic
922 1409 1049 1474 quoque
1071 1392 1217 1458 additur:
1254 1386 1349 1470 ὅπως

208 1487 238 1558 d’
265 1487 307 1558 άν
329 1490 470 1574 τάχιστα
493 1493 591 1576 ταθῇ,
626 1489 658 1555 οἱ
688 1493 868 1579 στρατηγοὶ
898 1492 1196 1576 συνεπιμελόσθων
1226 1496 1283 1559 καὶ
1310 1493 1347 1560 τὸ

209 1591 370 1681 άργάριον
393 1594 426 1672 ἒς
449 1602 554 1661 ταῦτα
577 1593 809 1682 παρεχόντων.
845 1596 978 1663 Euboea
999 1598 1154 1680 subiecta,
1181 1599 1268 1681 quod
1290 1620 1349 1664 va-

208 1700 316 1765 ticinio
349 1699 456 1782 aliquo
491 1699 659 1781 (Hieroclis
688 1699 715 1764 si
745 1699 904 1765 oredimus
927 1699 1094 1782 Foucarto]
1126 1701 1250 1766 iussum
1280 1711 1349 1768 erat

209 1801 398 1870 sacrificium
429 1809 494 1868 tres
524 1809 689 1869 senatores
719 1823 790 1868 curn
814 1803 962 1869 Hierocle
996 1811 1069 1869 vate
1102 1804 1214 1888 populi
1251 1805 1348 1870 totius

209 1905 337 1972 nomine
365 1906 545 1971 instituunt.
582 1905 682 1972 (iuius
705 1905 751 1971 rei
779 1925 910 1991 prorsus
937 1905 1045 1971 simile
1074 1907 1258 1990 exemplum
1286 1927 1348 1972 nou

207 2009 325 2075 inveni.
374 2009 573 2093 Quamquam
597 2009 724 2074 omnino
747 2009 842 2075 rebus
865 2008 965 2074 sacris
988 2007 1131 2074 functum
1155 2027 1228 2074 esse
1251 2029 1347 2075 sena-

207 2121 274 2177 tum
297 2113 432 2179 scimus:
465 2112 555 2178 velut
582 2119 706 2178 constat
733 2119 886 2198 prytanea
916 2119 1048 2178 senatus
1077 2119 1151 2177 ante
1182 2111 1347 2178 contiones

208 2217 320 2302 populi
343 2216 478 2298 aliisque
508 2215 600 2281 statis
633 2215 748 2281 diebus
777 2236 835 2301 pro
858 2216 962 2282 salute
985 2216 1032 2282 rei
1054 2215 1204 2301 publicae
1227 2215 1349 2280 sacrifi-

208 2324 346 2400 casset),
383 2319 468 2402 quod
497 2318 722 2404 inscriptiones
750 2319 957 2404 comprobant
985 2319 1060 2384 hae:
1099 2318 1131 2383 Η
1162 2322 1235 2382 390.
1270 2321 1343 2382 392.

208 2429 282 2489 toa.
310 2427 382 2486 425.
409 2425 484 2486 426.
509 2425 583 2486 431.
610 2425 685 2486 432.
704 2424 777 2486 459.
797 2425 859 2486 472
875 2421 1034 2504 aliaeque,
1057 2421 1113 2487 ubi
1128 2421 1244 2487 dicitur
1258 2421 1343 2488 fere:

209 2525 309 2592 ἐ’θυσν
322 2528 376 2608 (so.
389 2523 420 2590 oi
434 2521 624 2610 πρυτάνεις)
639 2522 681 2588 τά
692 2521 760 2608 πρὸ
773 2529 839 2589 τῶν
852 2522 1033 2610 ἐκκλησιῶν
1048 2531 1094 2609 τῷ
1109 2547 1144 2588 τε
1156 2517 1347 2590 Ἀπόλλωνι

208 2637 254 2714 τῷ
270 2632 516 2715 Προστατηρίῳ
540 2628 597 2692 καὶ
619 2635 658 2712 τῇ
675 2621 799 2714 Ἀθηνᾷ
821 2634 860 2712 τῇ
882 2629 1034 2713 Βουλαίρ
1057 2628 1114 2692 καὶ
1137 2639 1208 2704 τοῖς
1232 2623 1346 2706 ἄλλοις

209 2733 299 2810 θεοῖς
321 2729 372 2809 οἷς
395 2729 542 2816 πάτριον
562 2721 614 2818 ἦν.
640 2735 719 2795 417;
754 2728 870 2817 ἐπειδὴ
895 2730 930 2796 δὲ
960 2729 992 2796 οἱ
1016 2728 1198 2816 πρυτάνεις
1227 2729 1287 2808 τάς
1310 2755 1345 2796 τε

209 2839 328 2913 θυσίας
351 2834 451 2902 ἔθυον
474 2829 643 2912 ἁπάσας
667 2828 746 2900 ὅσαι
760 2836 908 2922 καθῆκον
923 2833 960 2900 ἐν
974 2841 1014 2918 τῇ
1030 2839 1219 2920 πρυτανεία
1236 2835 1345 2912 καλῶς

207 2941 264 3004 καὶ
279 2941 567 3025 μεγαλοπρεπῶς.
588 2989 594 3002 .
614 2989 620 3003 .
647 2938 684 3003 In
699 2937 801 3003 titulis
818 2942 893 3002 444.
904 2942 980 3002 445.
991 2940 1067 3020 446,
1086 2936 1193 3020 quide
1210 2937 1346 3004 Theseis

208 3053 320 3128 agunt,
339 3043 400 3109 hoo
415 3042 571 3126 legimus:
594 3040 719 3107 ἔδωκεν
731 3035 816 3124 (scri
833 3040 927 3106 δεῖνα
942 3040 1189 3126 χειροτονηθεὶς
1202 3033 1270 3106 ὑπὸ
1287 3045 1348 3106 ταῶ

207 3144 315 3233 δήμου
347 3148 500 3232 Θησείων
530 3139 748 3233 ἀγωνοθέτης)
777 3143 893 3209 δὲκαὶ
923 3150 981 3231 τῆς
1009 3143 1134 3230 βουλῆς
1161 3144 1346 3226 καθέσιμον

207 3247 358 3334 δραχμὰς
382 3252 493 3312 ΧΗΗ
512 3249 569 3312 καὶ
599 3259 688 3325 τοῖς
718 3244 983 3333 πρυτάνεσιν
1005 3245 1067 3323 εἰς
1089 3247 1238 3313 θυσίαν
1253 3252 1292 3312 Η
1303 3249 1341 3330 ²).

207 3355 307 3420 Laeto
339 3351 449 3419 nuntio
477 3352 577 3418 allato
608 3358 754 3418 senatum
791 3370 883 3418 saera
910 3349 1061 3418 iacienda
1089 3350 1224 3416 iussisse
1253 3357 1345 3436 patet

276 3613 293 3674 ¹)
315 3609 359 3666 cf.
387 3611 519 3666 Kochler.
549 3609 642 3666 Herm.
672 3609 698 3665 V
729 3611 794 3674 333,
832 3607 952 3664 Schoell.
977 3609 1014 3664 ib.
1042 3608 1082 3664 VI
1107 3612 1152 3672 56,
1187 3609 1234 3678 qui
1261 3609 1344 3663 affert

204 3697 346 3768 '1¹heophr.
367 3696 491 3751 charact.
517 3697 558 3749 21.

275 3784 294 3848 ⁹>
315 3783 447 3838 Kochler.
463 3791 540 3838 recte
558 3783 698 3837 iudicasse
717 3783 830 3838 videtur
846 3782 891 3842 [ad
905 3784 963 3844 444)
979 3795 1048 3836 voce
1066 3781 1222 3850 ιασέσιμον
1240 3795 1345 3836 merce-

207 3873 270 3926 dem
298 3871 517 3938 inteliegendam
549 3883 612 3925 esse
639 3869 810 3924 senatoriam
830 3862 1081 3938 r‘Sitzuupayeldar'.
1119 3865 1154 3920 ci.
1177 3865 1286 3922 Andoe.
1308 3867 1343 3921 de

205 3964 288 4029 myst.
316 3959 379 4009 ttt:
413 3951 428 4020 ἦ
458 3953 512 4028 γὰρ
536 3952 622 4024 βουλὴ
645 3953 701 4010 ἐκεῖ
730 3953 959 4008 καθεδεῖσθαι
989 3951 1093 4024 ἔμελλε.
1131 3953 1225 4009 Schol.
1250 3951 1341 4008 Arist.

205 4045 279 4098 Plut.
300 4044 360 4104 oto,
381 4043 441 4105 ald.
467 4040 667 4111 Agcncthetae
686 4041 772 4110 igitur
789 4041 948 4095 mercedem
966 4039 1042 4094 iliam
1060 4039 1182 4102 solvunt,
1204 4040 1279 4109 qucd
1296 4055 1344 4094 ne-

204 4131 311 4198 gotium
330 4129 493 4198 plerumque
512 4129 656 4198 quaestori
675 4133 790 4184 senatus
802 4127 978 4182 commissum
992 4141 1054 4181 esse
1068 4125 1230 4180 Boeclrhius
1242 4127 1343 4182 statuit

206 4215 399 4269 (strateium.
420 4214 433 4268 Ι
452 4215 521 4278 235).
560 4209 655 4284 Atque
679 4215 755 4285 quod
773 4214 831 4269 duo
854 4211 1043 4281 agonothetae
1065 4212 1141 4284 mille
1159 4219 1188 4267 et
1206 4213 1342 4268 ducentas

204 4301 363 4365 drachmas,
384 4302 404 4354 i.
424 4316 448 4354 e.
467 4301 586 4370 singulis
604 4300 782 4358 senatoribus
801 4300 898 4363 binas,
925 4299 1217 4362 cressementum.
1239 4315 1263 4354 e.
1285 4299 1344 4353 sin-

1118 4405 1133 4452 4
