<?xml version="1.0" encoding="UTF-8"?>
<!DOCTYPE html PUBLIC "-//W3C//DTD XHTML 1.0 Transitional//EN"
    "http://www.w3.org/TR/xhtml1/DTD/xhtml1-transitional.dtd">
<html xmlns="http://www.w3.org/1999/xhtml" xml:lang="en" lang="en">
 <head>
  <title>
</title>
<meta http-equiv="Content-Type" content="text/html;charset=utf-8" />
  <meta name='ocr-system' content='tesseract 3.04.00' />
  <meta name='ocr-capabilities' content='ocr_page ocr_carea ocr_par ocr_line ocrx_word'/>
</head>
<body>
  <div class='ocr_page' id='page_1' title='image "./dissertationesp02stragoog_0692.png"; bbox 0 0 3248 4928; ppageno 0'>
   <div class='ocr_carea' id='block_1_1' title="bbox 653 385 1351 506">
    <p class='ocr_par' dir='ltr' id='par_1_1' title="bbox 653 385 1351 506">
     <span class='ocr_line' id='line_1_1' title="bbox 653 385 1351 506; baseline 0.009 -59"><span class='ocrx_word' id='word_1_1' title='bbox 653 421 692 430; x_wconf 84' lang='grc'>-</span> <span class='ocrx_word' id='word_1_2' title='bbox 741 385 826 506; x_wconf 73' lang='lat' dir='ltr'>[apr]</span> <span class='ocrx_word' id='word_1_3' title='bbox 875 424 914 432; x_wconf 75' lang='lat'>.-</span> <span class='ocrx_word' id='word_1_4' title='bbox 1311 391 1351 454; x_wconf 78' lang='lat' dir='ltr'>so</span> 
     </span>
    </p>
   </div>
   <div class='ocr_carea' id='block_1_2' title="bbox 148 572 1351 3884">
    <p class='ocr_par' dir='ltr' id='par_1_2' title="bbox 217 572 1350 764">
     <span class='ocr_line' id='line_1_2' title="bbox 217 572 1350 664; baseline 0.008 -26"><span class='ocrx_word' id='word_1_5' title='bbox 217 573 394 654; x_wconf 88' lang='lat' dir='ltr'>lucramur,</span> <span class='ocrx_word' id='word_1_6' title='bbox 424 572 486 637; x_wconf 89' lang='lat' dir='ltr'>nisi</span> <span class='ocrx_word' id='word_1_7' title='bbox 509 572 595 654; x_wconf 88' lang='lat' dir='ltr'>quod</span> <span class='ocrx_word' id='word_1_8' title='bbox 616 592 726 640; x_wconf 90' lang='lat' dir='ltr'>rursus</span> <span class='ocrx_word' id='word_1_9' title='bbox 749 574 873 640; x_wconf 80' lang='lat' dir='ltr'>falsarii</span> <span class='ocrx_word' id='word_1_10' title='bbox 894 575 926 641; x_wconf 89' lang='lat' dir='ltr'>in</span> <span class='ocrx_word' id='word_1_11' title='bbox 950 576 1099 660; x_wconf 86' lang='lat' dir='ltr'>lingendo</span> <span class='ocrx_word' id='word_1_12' title='bbox 1120 579 1350 664; x_wconf 88' lang='lat' dir='ltr'>impudentiam</span> 
     </span>
     <span class='ocr_line' id='line_1_3' title="bbox 217 677 810 764; baseline 0 -22"><span class='ocrx_word' id='word_1_13' title='bbox 217 677 431 761; x_wconf 87' lang='lat' dir='ltr'>agnoscimus.</span> <span class='ocrx_word' id='word_1_14' title='bbox 483 677 544 760; x_wconf 79' lang='lat' dir='ltr'>(cf.</span> <span class='ocrx_word' id='word_1_15' title='bbox 570 677 670 744; x_wconf 84' lang='lat' dir='ltr'>Flach</span> <span class='ocrx_word' id='word_1_16' title='bbox 693 699 725 764; x_wconf 91' lang='lat' dir='ltr'>p.</span> <span class='ocrx_word' id='word_1_17' title='bbox 745 681 810 763; x_wconf 79' lang='lat'>45.)</span> 
     </span>
    </p>

    <p class='ocr_par' dir='ltr' id='par_1_3' title="bbox 302 779 1347 875">
     <span class='ocr_line' id='line_1_4' title="bbox 302 779 1347 875; baseline 0.008 -29"><span class='ocrx_word' id='word_1_18' title='bbox 302 782 339 846; x_wconf 93' lang='lat' dir='ltr'>P.</span> <span class='ocrx_word' id='word_1_19' title='bbox 365 783 427 846; x_wconf 82' lang='lat'>203</span> <span class='ocrx_word' id='word_1_20' title='bbox 456 781 537 868; x_wconf 77' lang='grc' dir='ltr'><strong><em>περὶ</em></strong></span> <span class='ocrx_word' id='word_1_21' title='bbox 565 781 709 847; x_wconf 87' lang='grc' dir='ltr'><strong><em>Ζωίλου.</em></strong></span> <span class='ocrx_word' id='word_1_22' title='bbox 750 779 903 870; x_wconf 78' lang='grc' dir='ltr'><strong><em>ἱστορίαν</em></strong></span> <span class='ocrx_word' id='word_1_23' title='bbox 924 807 956 848; x_wconf 91' lang='grc' dir='ltr'>κ.</span> <span class='ocrx_word' id='word_1_24' title='bbox 980 807 1010 848; x_wconf 90' lang='grc' dir='ltr'><strong><em>τ.</em></strong></span> <span class='ocrx_word' id='word_1_25' title='bbox 1037 785 1066 849; x_wconf 90' lang='grc' dir='ltr'>λ.</span> <span class='ocrx_word' id='word_1_26' title='bbox 1097 787 1214 868; x_wconf 91' lang='grc' dir='ltr'><strong><em>βιβλία</em></strong></span> <span class='ocrx_word' id='word_1_27' title='bbox 1237 793 1347 875; x_wconf 87' lang='grc' dir='ltr'><strong><em>τρία·</em></strong></span> 
     </span>
    </p>

    <p class='ocr_par' dir='ltr' id='par_1_4' title="bbox 148 878 1351 2009">
     <span class='ocr_line' id='line_1_5' title="bbox 217 878 1347 972; baseline 0.01 -24"><span class='ocrx_word' id='word_1_28' title='bbox 217 885 296 970; x_wconf 83' lang='grc' dir='ltr'><strong><em>ττερί</em></strong></span> <span class='ocrx_word' id='word_1_29' title='bbox 321 878 557 972; x_wconf 78' lang='grc' dir='ltr'><strong><em>Ἀμφιπόλεως</em></strong></span> <span class='ocrx_word' id='word_1_30' title='bbox 579 885 715 969; x_wconf 72' lang='grc' dir='ltr'><strong><em>ὃαὶιίαο,</em></strong></span> <span class='ocrx_word' id='word_1_31' title='bbox 746 885 899 972; x_wconf 75' lang='grc' dir='ltr'><strong><em>ἱστορίαν</em></strong></span> <span class='ocrx_word' id='word_1_32' title='bbox 920 912 950 952; x_wconf 94' lang='grc' dir='ltr'>κ.</span> <span class='ocrx_word' id='word_1_33' title='bbox 976 911 1006 952; x_wconf 90' lang='grc' dir='ltr'><strong><em>τ.</em></strong></span> <span class='ocrx_word' id='word_1_34' title='bbox 1032 889 1061 953; x_wconf 93' lang='grc' dir='ltr'>λ.</span> <span class='ocrx_word' id='word_1_35' title='bbox 1087 891 1204 972; x_wconf 78' lang='grc' dir='ltr'><strong><em>βιβλία</em></strong></span> <span class='ocrx_word' id='word_1_36' title='bbox 1226 889 1347 958; x_wconf 51' lang='grc' dir='ltr'><strong><em>δέκα</em></strong></span> 
     </span>
     <span class='ocr_line' id='line_1_6' title="bbox 217 979 1351 1078; baseline 0.009 -24"><span class='ocrx_word' id='word_1_37' title='bbox 217 991 297 1075; x_wconf 79' lang='grc' dir='ltr'><strong><em>περὶ</em></strong></span> <span class='ocrx_word' id='word_1_38' title='bbox 319 979 558 1076; x_wconf 72' lang='grc' dir='ltr'><strong><em>Ἀμφικτόλεως</em></strong></span> <span class='ocrx_word' id='word_1_39' title='bbox 580 989 729 1071; x_wconf 79' lang='grc' dir='ltr'><strong><em>βιβλία</em></strong></span> <span class='ocrx_word' id='word_1_40' title='bbox 752 995 848 1076; x_wconf 92' lang='grc' dir='ltr'><strong><em>τρία</em></strong></span> <span class='ocrx_word' id='word_1_41' title='bbox 879 990 961 1058; x_wconf 76' lang='lat' dir='ltr'>Eud.</span> <span class='ocrx_word' id='word_1_42' title='bbox 1008 991 1050 1058; x_wconf 77' lang='lat' dir='ltr'>Et</span> <span class='ocrx_word' id='word_1_43' title='bbox 1071 1000 1136 1060; x_wconf 84' lang='lat' dir='ltr'>tres</span> <span class='ocrx_word' id='word_1_44' title='bbox 1158 995 1287 1078; x_wconf 84' lang='lat' dir='ltr'>quidem</span> <span class='ocrx_word' id='word_1_45' title='bbox 1310 996 1351 1064; x_wconf 88' lang='lat' dir='ltr'>de</span> 
     </span>
     <span class='ocr_line' id='line_1_7' title="bbox 216 1093 1351 1180; baseline 0.008 -22"><span class='ocrx_word' id='word_1_46' title='bbox 216 1093 402 1180; x_wconf 82' lang='lat' dir='ltr'><strong>Amphipoli</strong></span> <span class='ocrx_word' id='word_1_47' title='bbox 424 1093 522 1159; x_wconf 87' lang='lat' dir='ltr'>libros</span> <span class='ocrx_word' id='word_1_48' title='bbox 544 1113 614 1160; x_wconf 93' lang='lat' dir='ltr'>cnm</span> <span class='ocrx_word' id='word_1_49' title='bbox 637 1093 799 1161; x_wconf 85' lang='lat' dir='ltr'>veteribus</span> <span class='ocrx_word' id='word_1_50' title='bbox 815 1094 935 1162; x_wconf 86' lang='lat' dir='ltr'>Suidac</span> <span class='ocrx_word' id='word_1_51' title='bbox 958 1095 1151 1164; x_wconf 82' lang='lat' dir='ltr'>editionibus</span> <span class='ocrx_word' id='word_1_52' title='bbox 1167 1119 1351 1168; x_wconf 89' lang='lat' dir='ltr'>communes</span> 
     </span>
     <span class='ocr_line' id='line_1_8' title="bbox 216 1196 1350 1290; baseline 0.006 -28"><span class='ocrx_word' id='word_1_53' title='bbox 216 1197 324 1281; x_wconf 82' lang='lat' dir='ltr'>habet,</span> <span class='ocrx_word' id='word_1_54' title='bbox 349 1197 383 1262; x_wconf 90' lang='lat' dir='ltr'>in</span> <span class='ocrx_word' id='word_1_55' title='bbox 405 1197 520 1280; x_wconf 85' lang='lat' dir='ltr'>quibus</span> <span class='ocrx_word' id='word_1_56' title='bbox 537 1196 690 1286; x_wconf 80' lang='grc' dir='ltr'><strong><em>ἱστορίαν</em></strong></span> <span class='ocrx_word' id='word_1_57' title='bbox 706 1235 747 1246; x_wconf 92' lang='grc'>-</span> <span class='ocrx_word' id='word_1_58' title='bbox 762 1198 926 1286; x_wconf 80' lang='grc' dir='ltr'><strong><em>τελευτῆς.</em></strong></span> <span class='ocrx_word' id='word_1_59' title='bbox 952 1200 1069 1282; x_wconf 88' lang='grc' dir='ltr'><strong><em>βιβλία</em></strong></span> <span class='ocrx_word' id='word_1_60' title='bbox 1084 1206 1160 1288; x_wconf 90' lang='grc' dir='ltr'><strong><em>τρία</em></strong></span> <span class='ocrx_word' id='word_1_61' title='bbox 1176 1205 1256 1290; x_wconf 83' lang='grc' dir='ltr'><strong><em>περὶ</em></strong></span> <span class='ocrx_word' id='word_1_62' title='bbox 1270 1197 1350 1287; x_wconf 84' lang='grc' dir='ltr'>Ἅμ-</span> 
     </span>
     <span class='ocr_line' id='line_1_9' title="bbox 216 1297 1350 1393; baseline 0.011 -29"><span class='ocrx_word' id='word_1_63' title='bbox 216 1297 391 1386; x_wconf 84' lang='grc' dir='ltr'><strong><em>φυτόλεως</em></strong></span> <span class='ocrx_word' id='word_1_64' title='bbox 413 1300 634 1374; x_wconf 63' lang='lat' dir='ltr'>scribebatur„</span> <span class='ocrx_word' id='word_1_65' title='bbox 667 1301 774 1380; x_wconf 82' lang='lat' dir='ltr'>Quare</span> <span class='ocrx_word' id='word_1_66' title='bbox 796 1302 896 1368; x_wconf 86' lang='lat' dir='ltr'>verba</span> <span class='ocrx_word' id='word_1_67' title='bbox 915 1304 1032 1385; x_wconf 86' lang='grc' dir='ltr'><strong><em>βιβλία</em></strong></span> <span class='ocrx_word' id='word_1_68' title='bbox 1054 1303 1135 1370; x_wconf 80' lang='grc' dir='ltr'><strong><em>δέκα</em></strong></span> <span class='ocrx_word' id='word_1_69' title='bbox 1158 1327 1198 1374; x_wconf 87' lang='lat' dir='ltr'>ex</span> <span class='ocrx_word' id='word_1_70' title='bbox 1220 1299 1350 1393; x_wconf 87' lang='lat' dir='ltr'>ingenio</span> 
     </span>
     <span class='ocr_line' id='line_1_10' title="bbox 215 1403 816 1490; baseline 0.002 -21"><span class='ocrx_word' id='word_1_71' title='bbox 215 1403 328 1470; x_wconf 89' lang='lat' dir='ltr'>addita</span> <span class='ocrx_word' id='word_1_72' title='bbox 350 1423 422 1470; x_wconf 89' lang='lat' dir='ltr'>esse</span> <span class='ocrx_word' id='word_1_73' title='bbox 444 1404 523 1470; x_wconf 90' lang='lat' dir='ltr'>milri</span> <span class='ocrx_word' id='word_1_74' title='bbox 544 1423 733 1490; x_wconf 86' lang='lat' dir='ltr'>persuasum</span> <span class='ocrx_word' id='word_1_75' title='bbox 756 1411 816 1471; x_wconf 92' lang='lat' dir='ltr'>est.</span> 
     </span>
     <span class='ocr_line' id='line_1_11' title="bbox 148 1501 1349 1602; baseline 0.01 -32"><span class='ocrx_word' id='word_1_76' title='bbox 148 1551 151 1562; x_wconf 80' lang='lat'>.</span> <span class='ocrx_word' id='word_1_77' title='bbox 233 1553 234 1558; x_wconf 20' lang='grc' dir='ltr'>η</span> <span class='ocrx_word' id='word_1_78' title='bbox 300 1507 336 1572; x_wconf 90' lang='grc' dir='ltr'>Ρ.</span> <span class='ocrx_word' id='word_1_79' title='bbox 363 1510 425 1571; x_wconf 81' lang='grc'>204</span> <span class='ocrx_word' id='word_1_80' title='bbox 449 1507 529 1593; x_wconf 81' lang='grc' dir='ltr'><strong><em>περὶ</em></strong></span> <span class='ocrx_word' id='word_1_81' title='bbox 552 1505 745 1594; x_wconf 75' lang='grc' dir='ltr'><strong><em>Ζρνοόὁτου</em></strong></span> <span class='ocrx_word' id='word_1_82' title='bbox 766 1513 826 1573; x_wconf 86' lang='grc' dir='ltr'><strong><em>τοῦ</em></strong></span> <span class='ocrx_word' id='word_1_83' title='bbox 845 1501 1012 1595; x_wconf 80' lang='grc' dir='ltr'><strong><em>Ἐφεσίου.</em></strong></span> <span class='ocrx_word' id='word_1_84' title='bbox 1047 1509 1176 1598; x_wconf 74' lang='grc' dir='ltr'><strong><em>ἔγραψε</em></strong></span> <span class='ocrx_word' id='word_1_85' title='bbox 1192 1516 1272 1602; x_wconf 82' lang='grc' dir='ltr'><strong><em>ττερί</em></strong></span> <span class='ocrx_word' id='word_1_86' title='bbox 1287 1509 1349 1582; x_wconf 80' lang='grc' dir='ltr'><strong><em>αὖ·</em></strong></span> 
     </span>
     <span class='ocr_line' id='line_1_12' title="bbox 214 1605 1348 1700; baseline 0.007 -24"><span class='ocrx_word' id='word_1_87' title='bbox 214 1608 444 1676; x_wconf 74' lang='grc' dir='ltr'><strong><em>θυι-τοτάκτων</em></strong></span> <span class='ocrx_word' id='word_1_88' title='bbox 476 1611 533 1675; x_wconf 89' lang='grc' dir='ltr'><strong><em>καί</em></strong></span> <span class='ocrx_word' id='word_1_89' title='bbox 566 1605 821 1678; x_wconf 82' lang='grc' dir='ltr'><strong><em>ἆνυττοτάκτων.</em></strong></span> <span class='ocrx_word' id='word_1_90' title='bbox 867 1612 962 1678; x_wconf 87' lang='lat' dir='ltr'>Hune</span> <span class='ocrx_word' id='word_1_91' title='bbox 994 1613 1121 1680; x_wconf 81' lang='lat' dir='ltr'>titulum</span> <span class='ocrx_word' id='word_1_92' title='bbox 1155 1637 1348 1700; x_wconf 85' lang='lat' dir='ltr'>quamquam</span> 
     </span>
     <span class='ocr_line' id='line_1_13' title="bbox 214 1714 1349 1798; baseline 0.004 -17"><span class='ocrx_word' id='word_1_93' title='bbox 214 1737 278 1782; x_wconf 91' lang='lat' dir='ltr'>non</span> <span class='ocrx_word' id='word_1_94' title='bbox 300 1715 392 1782; x_wconf 82' lang='lat' dir='ltr'>finxit</span> <span class='ocrx_word' id='word_1_95' title='bbox 414 1714 570 1798; x_wconf 82' lang='lat' dir='ltr'>Eudocia,</span> <span class='ocrx_word' id='word_1_96' title='bbox 603 1723 711 1782; x_wconf 87' lang='lat' dir='ltr'>tamen</span> <span class='ocrx_word' id='word_1_97' title='bbox 740 1736 812 1782; x_wconf 90' lang='lat' dir='ltr'>cum</span> <span class='ocrx_word' id='word_1_98' title='bbox 842 1723 984 1784; x_wconf 86' lang='lat' dir='ltr'>veterum</span> <span class='ocrx_word' id='word_1_99' title='bbox 1015 1739 1108 1785; x_wconf 89' lang='lat' dir='ltr'>nemo</span> <span class='ocrx_word' id='word_1_100' title='bbox 1131 1720 1286 1788; x_wconf 85' lang='lat' dir='ltr'>Zenodoti</span> <span class='ocrx_word' id='word_1_101' title='bbox 1309 1723 1349 1787; x_wconf 94' lang='lat' dir='ltr'>li-</span> 
     </span>
     <span class='ocr_line' id='line_1_14' title="bbox 213 1813 1349 1906; baseline 0.007 -22"><span class='ocrx_word' id='word_1_102' title='bbox 213 1821 305 1885; x_wconf 88' lang='lat' dir='ltr'>brum</span> <span class='ocrx_word' id='word_1_103' title='bbox 328 1819 476 1886; x_wconf 86' lang='lat' dir='ltr'>videatur</span> <span class='ocrx_word' id='word_1_104' title='bbox 497 1819 649 1904; x_wconf 86' lang='lat' dir='ltr'>laudare,</span> <span class='ocrx_word' id='word_1_105' title='bbox 682 1813 759 1903; x_wconf 85' lang='lat' dir='ltr'>quin</span> <span class='ocrx_word' id='word_1_106' title='bbox 781 1819 913 1887; x_wconf 82' lang='lat' dir='ltr'>aliunde</span> <span class='ocrx_word' id='word_1_107' title='bbox 934 1821 1046 1888; x_wconf 90' lang='lat' dir='ltr'>illatus</span> <span class='ocrx_word' id='word_1_108' title='bbox 1068 1823 1127 1906; x_wconf 87' lang='lat' dir='ltr'>sit,</span> <span class='ocrx_word' id='word_1_109' title='bbox 1156 1825 1265 1891; x_wconf 91' lang='lat' dir='ltr'>nullus</span> <span class='ocrx_word' id='word_1_110' title='bbox 1288 1825 1349 1892; x_wconf 92' lang='lat' dir='ltr'>du-</span> 
     </span>
     <span class='ocr_line' id='line_1_15' title="bbox 213 1923 647 2009; baseline -0.005 -19"><span class='ocrx_word' id='word_1_111' title='bbox 213 1924 289 2007; x_wconf 84' lang='lat' dir='ltr'>bito,</span> <span class='ocrx_word' id='word_1_112' title='bbox 316 1923 401 1990; x_wconf 85' lang='lat' dir='ltr'>unde</span> <span class='ocrx_word' id='word_1_113' title='bbox 424 1923 467 1989; x_wconf 82' lang='lat' dir='ltr'>sit</span> <span class='ocrx_word' id='word_1_114' title='bbox 487 1923 647 2009; x_wconf 77' lang='lat' dir='ltr'>ignoro*).</span> 
     </span>
    </p>

    <p class='ocr_par' dir='ltr' id='par_1_5' title="bbox 215 2027 1350 2429">
     <span class='ocr_line' id='line_1_16' title="bbox 300 2027 1349 2119; baseline 0.006 -26"><span class='ocrx_word' id='word_1_115' title='bbox 300 2029 336 2093; x_wconf 92' lang='lat' dir='ltr'>P.</span> <span class='ocrx_word' id='word_1_116' title='bbox 362 2031 424 2093; x_wconf 79' lang='lat'>228</span> <span class='ocrx_word' id='word_1_117' title='bbox 448 2027 603 2114; x_wconf 77' lang='grc' dir='ltr'><strong><em>περὶτοῦ</em></strong></span> <span class='ocrx_word' id='word_1_118' title='bbox 620 2028 725 2114; x_wconf 79' lang='grc' dir='ltr'><strong><em>Θαλῆ.</em></strong></span> <span class='ocrx_word' id='word_1_119' title='bbox 761 2027 811 2094; x_wconf 91' lang='lat' dir='ltr'>De</span> <span class='ocrx_word' id='word_1_120' title='bbox 833 2027 929 2094; x_wconf 91' lang='lat' dir='ltr'>huius</span> <span class='ocrx_word' id='word_1_121' title='bbox 951 2029 1080 2113; x_wconf 80' lang='lat' dir='ltr'>glossae</span> <span class='ocrx_word' id='word_1_122' title='bbox 1095 2030 1235 2098; x_wconf 85' lang='lat' dir='ltr'>fontibus</span> <span class='ocrx_word' id='word_1_123' title='bbox 1252 2051 1349 2119; x_wconf 89' lang='lat' dir='ltr'>supra</span> 
     </span>
     <span class='ocr_line' id='line_1_17' title="bbox 221 2133 1348 2221; baseline 0.005 -23"><span class='ocrx_word' id='word_1_124' title='bbox 221 2137 261 2221; x_wconf 79' lang='lat' dir='ltr'>(p.</span> <span class='ocrx_word' id='word_1_125' title='bbox 283 2137 331 2220; x_wconf 90' lang='grc'>10)</span> <span class='ocrx_word' id='word_1_126' title='bbox 359 2135 502 2221; x_wconf 82' lang='lat' dir='ltr'>exposui.</span> <span class='ocrx_word' id='word_1_127' title='bbox 551 2134 699 2200; x_wconf 77' lang='lat' dir='ltr'>Ceterum</span> <span class='ocrx_word' id='word_1_128' title='bbox 723 2134 803 2220; x_wconf 78' lang='lat' dir='ltr'>nupt</span> <span class='ocrx_word' id='word_1_129' title='bbox 825 2133 1009 2219; x_wconf 74' lang='grc' dir='ltr'><strong><em>ἐκλείψεως</em></strong></span> <span class='ocrx_word' id='word_1_130' title='bbox 1037 2134 1164 2201; x_wconf 89' lang='lat' dir='ltr'>titulum</span> <span class='ocrx_word' id='word_1_131' title='bbox 1186 2157 1206 2202; x_wconf 92' lang='lat' dir='ltr'>e</span> <span class='ocrx_word' id='word_1_132' title='bbox 1229 2137 1348 2204; x_wconf 84' lang='lat' dir='ltr'>Suidac</span> 
     </span>
     <span class='ocr_line' id='line_1_18' title="bbox 215 2237 1350 2326; baseline 0.004 -22"><span class='ocrx_word' id='word_1_133' title='bbox 215 2241 325 2325; x_wconf 83' lang='lat' dir='ltr'>glossa</span> <span class='ocrx_word' id='word_1_134' title='bbox 351 2239 382 2324; x_wconf 84' lang='lat' dir='ltr'>(i.</span> <span class='ocrx_word' id='word_1_135' title='bbox 408 2259 440 2304; x_wconf 87' lang='lat' dir='ltr'>v.</span> <span class='ocrx_word' id='word_1_136' title='bbox 469 2239 593 2326; x_wconf 76' lang='grc' dir='ltr'><strong><em>Θαλῆς.</em></strong></span> <span class='ocrx_word' id='word_1_137' title='bbox 625 2244 759 2324; x_wconf 77' lang='grc' dir='ltr'><strong><em>πρῶτος</em></strong></span> <span class='ocrx_word' id='word_1_138' title='bbox 781 2237 818 2303; x_wconf 80' lang='grc' dir='ltr'>δὲ</span> <span class='ocrx_word' id='word_1_139' title='bbox 844 2239 941 2322; x_wconf 85' lang='grc' dir='ltr'><strong><em>Θαλ.)</em></strong></span> <span class='ocrx_word' id='word_1_140' title='bbox 975 2239 1074 2306; x_wconf 89' lang='lat' dir='ltr'>habet</span> <span class='ocrx_word' id='word_1_141' title='bbox 1095 2239 1249 2326; x_wconf 77' lang='lat' dir='ltr'>Eudocia,</span> <span class='ocrx_word' id='word_1_142' title='bbox 1276 2242 1350 2308; x_wconf 85' lang='lat' dir='ltr'>Sui-</span> 
     </span>
     <span class='ocr_line' id='line_1_19' title="bbox 215 2342 1139 2429; baseline -0.002 -19"><span class='ocrx_word' id='word_1_143' title='bbox 215 2345 276 2411; x_wconf 92' lang='lat' dir='ltr'>dae</span> <span class='ocrx_word' id='word_1_144' title='bbox 298 2349 478 2410; x_wconf 87' lang='lat' dir='ltr'>auctorest</span> <span class='ocrx_word' id='word_1_145' title='bbox 500 2342 665 2410; x_wconf 71' lang='lat' dir='ltr'>cedrenus</span> <span class='ocrx_word' id='word_1_146' title='bbox 688 2342 863 2409; x_wconf 89' lang='lat' dir='ltr'>secundum</span> <span class='ocrx_word' id='word_1_147' title='bbox 886 2343 1139 2429; x_wconf 87' lang='lat' dir='ltr'>Bernhardyum.</span> 
     </span>
    </p>

    <p class='ocr_par' dir='ltr' id='par_1_6' title="bbox 215 2441 1350 2739">
     <span class='ocr_line' id='line_1_20' title="bbox 252 2441 1350 2534; baseline 0.002 -21"><span class='ocrx_word' id='word_1_148' title='bbox 252 2465 255 2476; x_wconf 85' lang='lat'>&#39;</span> <span class='ocrx_word' id='word_1_149' title='bbox 300 2449 336 2513; x_wconf 94' lang='grc' dir='ltr'>Ρ.</span> <span class='ocrx_word' id='word_1_150' title='bbox 363 2451 425 2512; x_wconf 81' lang='lat'>229</span> <span class='ocrx_word' id='word_1_151' title='bbox 456 2448 536 2532; x_wconf 79' lang='grc' dir='ltr'><strong><em>περὶ</em></strong></span> <span class='ocrx_word' id='word_1_152' title='bbox 560 2444 756 2534; x_wconf 84' lang='grc' dir='ltr'><strong><em>Θεαιτήτου.</em></strong></span> <span class='ocrx_word' id='word_1_153' title='bbox 803 2447 910 2513; x_wconf 86' lang='lat' dir='ltr'>Verba</span> <span class='ocrx_word' id='word_1_154' title='bbox 939 2447 996 2512; x_wconf 86' lang='grc' dir='ltr'><strong><em>καὶ</em></strong></span> <span class='ocrx_word' id='word_1_155' title='bbox 1018 2446 1067 2524; x_wconf 82' lang='grc' dir='ltr'>είς</span> <span class='ocrx_word' id='word_1_156' title='bbox 1088 2444 1126 2514; x_wconf 89' lang='grc' dir='ltr'><strong><em>τὸ</em></strong></span> <span class='ocrx_word' id='word_1_157' title='bbox 1151 2441 1256 2534; x_wconf 71' lang='grc' dir='ltr'><strong><em>ἄκρον</em></strong></span> <span class='ocrx_word' id='word_1_158' title='bbox 1282 2449 1350 2515; x_wconf 80' lang='lat' dir='ltr'>Eu-</span> 
     </span>
     <span class='ocr_line' id='line_1_21' title="bbox 216 2545 1348 2636; baseline 0.001 -18"><span class='ocrx_word' id='word_1_159' title='bbox 216 2552 309 2618; x_wconf 87' lang='lat' dir='ltr'>dooia</span> <span class='ocrx_word' id='word_1_160' title='bbox 330 2551 429 2618; x_wconf 86' lang='lat' dir='ltr'>adicit</span> <span class='ocrx_word' id='word_1_161' title='bbox 450 2551 493 2617; x_wconf 89' lang='lat' dir='ltr'>ad</span> <span class='ocrx_word' id='word_1_162' title='bbox 515 2571 625 2617; x_wconf 87' lang='lat' dir='ltr'>vocem</span> <span class='ocrx_word' id='word_1_163' title='bbox 648 2549 784 2618; x_wconf 87' lang='lat' dir='ltr'>cSuida</span> <span class='ocrx_word' id='word_1_164' title='bbox 798 2551 931 2635; x_wconf 82' lang='lat' dir='ltr'>petitam</span> <span class='ocrx_word' id='word_1_165' title='bbox 956 2545 1169 2636; x_wconf 62' lang='lat' dir='ltr'>decemuiros,</span> <span class='ocrx_word' id='word_1_166' title='bbox 1196 2573 1292 2636; x_wconf 89' lang='lat' dir='ltr'>quam</span> <span class='ocrx_word' id='word_1_167' title='bbox 1307 2554 1348 2619; x_wconf 85' lang='lat' dir='ltr'>ab</span> 
     </span>
     <span class='ocr_line' id='line_1_22' title="bbox 215 2654 936 2739; baseline -0.007 -16"><span class='ocrx_word' id='word_1_168' title='bbox 215 2677 254 2724; x_wconf 91' lang='lat' dir='ltr'>eo</span> <span class='ocrx_word' id='word_1_169' title='bbox 275 2657 390 2723; x_wconf 90' lang='lat' dir='ltr'>abesse</span> <span class='ocrx_word' id='word_1_170' title='bbox 412 2655 496 2721; x_wconf 79' lang='lat' dir='ltr'>salso</span> <span class='ocrx_word' id='word_1_171' title='bbox 518 2654 689 2720; x_wconf 84' lang='lat' dir='ltr'>adseverat</span> <span class='ocrx_word' id='word_1_172' title='bbox 710 2654 810 2720; x_wconf 87' lang='lat' dir='ltr'>Flach</span> <span class='ocrx_word' id='word_1_173' title='bbox 832 2675 863 2739; x_wconf 89' lang='lat' dir='ltr'>p.</span> <span class='ocrx_word' id='word_1_174' title='bbox 884 2657 936 2718; x_wconf 82' lang='grc'>43.</span> 
     </span>
    </p>

    <p class='ocr_par' dir='ltr' id='par_1_7' title="bbox 215 2754 1348 2950">
     <span class='ocr_line' id='line_1_23' title="bbox 300 2754 1348 2845; baseline 0.002 -21"><span class='ocrx_word' id='word_1_175' title='bbox 300 2760 336 2824; x_wconf 92' lang='lat' dir='ltr'>P.</span> <span class='ocrx_word' id='word_1_176' title='bbox 363 2761 425 2824; x_wconf 79' lang='lat'>230</span> <span class='ocrx_word' id='word_1_177' title='bbox 455 2759 535 2844; x_wconf 81' lang='grc' dir='ltr'><strong><em>περὶ</em></strong></span> <span class='ocrx_word' id='word_1_178' title='bbox 559 2759 753 2843; x_wconf 87' lang='grc' dir='ltr'><strong><em>Θεοκρίτου.</em></strong></span> <span class='ocrx_word' id='word_1_179' title='bbox 789 2758 847 2822; x_wconf 85' lang='grc' dir='ltr'><strong><em>καί</em></strong></span> <span class='ocrx_word' id='word_1_180' title='bbox 869 2754 964 2842; x_wconf 78' lang='grc' dir='ltr'><strong><em>λόγοι</em></strong></span> <span class='ocrx_word' id='word_1_181' title='bbox 986 2763 1219 2845; x_wconf 78' lang='grc' dir='ltr'><strong><em>ττανργυρικοί.</em></strong></span> <span class='ocrx_word' id='word_1_182' title='bbox 1266 2760 1348 2826; x_wconf 90' lang='lat' dir='ltr'>Vide</span> 
     </span>
     <span class='ocr_line' id='line_1_24' title="bbox 215 2865 436 2950; baseline -0.018 -20"><span class='ocrx_word' id='word_1_183' title='bbox 215 2883 312 2950; x_wconf 89' lang='lat' dir='ltr'>supra</span> <span class='ocrx_word' id='word_1_184' title='bbox 332 2884 364 2948; x_wconf 95' lang='lat' dir='ltr'>p.</span> <span class='ocrx_word' id='word_1_185' title='bbox 384 2865 436 2927; x_wconf 87' lang='grc'>84.</span> 
     </span>
    </p>

    <p class='ocr_par' dir='ltr' id='par_1_8' title="bbox 214 2958 1350 3677">
     <span class='ocr_line' id='line_1_25' title="bbox 301 2958 1348 3056; baseline 0.002 -24"><span class='ocrx_word' id='word_1_186' title='bbox 301 2967 337 3032; x_wconf 92' lang='grc' dir='ltr'>Ρ.</span> <span class='ocrx_word' id='word_1_187' title='bbox 363 2967 424 3030; x_wconf 79' lang='grc'>247</span> <span class='ocrx_word' id='word_1_188' title='bbox 449 2966 529 3052; x_wconf 80' lang='grc' dir='ltr'><strong><em>περί</em></strong></span> <span class='ocrx_word' id='word_1_189' title='bbox 547 2959 679 3047; x_wconf 84' lang='grc' dir='ltr'><strong><em>Ἰβύκου</em></strong></span> <span class='ocrx_word' id='word_1_190' title='bbox 700 2972 761 3031; x_wconf 84' lang='grc' dir='ltr'><strong><em>τοῦ</em></strong></span> <span class='ocrx_word' id='word_1_191' title='bbox 783 2972 939 3052; x_wconf 76' lang='grc' dir='ltr'><strong><em>ποιητοῦ.</em></strong></span> <span class='ocrx_word' id='word_1_192' title='bbox 975 2967 1013 3031; x_wconf 84' lang='grc' dir='ltr'>Ιυ</span> <span class='ocrx_word' id='word_1_193' title='bbox 1035 2967 1140 3034; x_wconf 87' lang='lat' dir='ltr'>verbis</span> <span class='ocrx_word' id='word_1_194' title='bbox 1163 2958 1261 3045; x_wconf 77' lang='grc' dir='ltr'><strong><em>οὗτος</em></strong></span> <span class='ocrx_word' id='word_1_195' title='bbox 1284 2993 1348 3056; x_wconf 81' lang='grc' dir='ltr'>φο-</span> 
     </span>
     <span class='ocr_line' id='line_1_26' title="bbox 214 3067 1349 3154; baseline 0 -16"><span class='ocrx_word' id='word_1_196' title='bbox 214 3068 393 3154; x_wconf 85' lang='grc' dir='ltr'><strong><em>νευόμενος</em></strong></span> <span class='ocrx_word' id='word_1_197' title='bbox 407 3107 450 3116; x_wconf 94' lang='grc'>-</span> <span class='ocrx_word' id='word_1_198' title='bbox 466 3067 590 3134; x_wconf 74' lang='grc' dir='ltr'><strong><em>ἔδοσαν</em></strong></span> <span class='ocrx_word' id='word_1_199' title='bbox 611 3068 830 3136; x_wconf 80' lang='lat' dir='ltr'>facundiorem</span> <span class='ocrx_word' id='word_1_200' title='bbox 852 3075 1014 3136; x_wconf 80' lang='lat' dir='ltr'>auctorem</span> <span class='ocrx_word' id='word_1_201' title='bbox 1037 3077 1268 3139; x_wconf 86' lang='lat' dir='ltr'>secutam-csse</span> <span class='ocrx_word' id='word_1_202' title='bbox 1283 3073 1349 3138; x_wconf 83' lang='lat' dir='ltr'>Eu-</span> 
     </span>
     <span class='ocr_line' id='line_1_27' title="bbox 215 3171 1348 3258; baseline 0 -17"><span class='ocrx_word' id='word_1_203' title='bbox 215 3175 341 3242; x_wconf 86' lang='lat' dir='ltr'>dociam</span> <span class='ocrx_word' id='word_1_204' title='bbox 375 3193 470 3258; x_wconf 83' lang='lat' dir='ltr'>quam</span> <span class='ocrx_word' id='word_1_205' title='bbox 504 3171 636 3239; x_wconf 86' lang='lat' dir='ltr'>Suidam</span> <span class='ocrx_word' id='word_1_206' title='bbox 670 3172 836 3258; x_wconf 81' lang='lat' dir='ltr'>perspexit</span> <span class='ocrx_word' id='word_1_207' title='bbox 868 3171 1057 3258; x_wconf 83' lang='lat' dir='ltr'>Bernhardy</span> <span class='ocrx_word' id='word_1_208' title='bbox 1092 3173 1127 3239; x_wconf 87' lang='lat' dir='ltr'>in</span> <span class='ocrx_word' id='word_1_209' title='bbox 1160 3175 1268 3242; x_wconf 85' lang='lat' dir='ltr'>adnot.</span> <span class='ocrx_word' id='word_1_210' title='bbox 1305 3176 1348 3241; x_wconf 91' lang='lat' dir='ltr'>ad</span> 
     </span>
     <span class='ocr_line' id='line_1_28' title="bbox 216 3276 1350 3363; baseline 0.001 -19"><span class='ocrx_word' id='word_1_211' title='bbox 216 3278 359 3344; x_wconf 87' lang='lat' dir='ltr'>Suidam.</span> <span class='ocrx_word' id='word_1_212' title='bbox 406 3278 507 3344; x_wconf 82' lang='lat' dir='ltr'>Flach</span> <span class='ocrx_word' id='word_1_213' title='bbox 529 3299 561 3362; x_wconf 94' lang='lat' dir='ltr'>p.</span> <span class='ocrx_word' id='word_1_214' title='bbox 587 3281 628 3342; x_wconf 82' lang='lat'>62</span> <span class='ocrx_word' id='word_1_215' title='bbox 644 3296 693 3360; x_wconf 89' lang='lat' dir='ltr'>sq.</span> <span class='ocrx_word' id='word_1_216' title='bbox 725 3276 930 3360; x_wconf 83' lang='lat' dir='ltr'>integriorem</span> <span class='ocrx_word' id='word_1_217' title='bbox 956 3276 1153 3363; x_wconf 81' lang='lat' dir='ltr'>Hesychium</span> <span class='ocrx_word' id='word_1_218' title='bbox 1182 3278 1242 3344; x_wconf 92' lang='lat' dir='ltr'>hoo</span> <span class='ocrx_word' id='word_1_219' title='bbox 1270 3299 1350 3362; x_wconf 85' lang='lat' dir='ltr'>quo-</span> 
     </span>
     <span class='ocr_line' id='line_1_29' title="bbox 214 3380 1346 3466; baseline 0 -18"><span class='ocrx_word' id='word_1_220' title='bbox 214 3403 276 3465; x_wconf 90' lang='lat' dir='ltr'>quc</span> <span class='ocrx_word' id='word_1_221' title='bbox 306 3382 377 3448; x_wconf 89' lang='lat' dir='ltr'>loco</span> <span class='ocrx_word' id='word_1_222' title='bbox 405 3383 446 3447; x_wconf 87' lang='lat' dir='ltr'>ab</span> <span class='ocrx_word' id='word_1_223' title='bbox 468 3381 612 3447; x_wconf 80' lang='lat' dir='ltr'>Eudocia</span> <span class='ocrx_word' id='word_1_224' title='bbox 642 3387 802 3448; x_wconf 82' lang='lat' dir='ltr'>servatum</span> <span class='ocrx_word' id='word_1_225' title='bbox 832 3393 904 3447; x_wconf 85' lang='lat' dir='ltr'>esse</span> <span class='ocrx_word' id='word_1_226' title='bbox 927 3380 1054 3448; x_wconf 86' lang='lat' dir='ltr'>videtur</span> <span class='ocrx_word' id='word_1_227' title='bbox 1076 3381 1346 3466; x_wconf 76' lang='lat' dir='ltr'>existimasse**l.</span> 
     </span>
     <span class='ocr_line' id='line_1_30' title="bbox 217 3480 1350 3573; baseline -0.002 -21"><span class='ocrx_word' id='word_1_228' title='bbox 217 3487 319 3552; x_wconf 88' lang='lat' dir='ltr'>Verus</span> <span class='ocrx_word' id='word_1_229' title='bbox 342 3484 413 3550; x_wconf 80' lang='lat' dir='ltr'>fons</span> <span class='ocrx_word' id='word_1_230' title='bbox 436 3492 486 3552; x_wconf 90' lang='lat' dir='ltr'>est</span> <span class='ocrx_word' id='word_1_231' title='bbox 499 3485 669 3552; x_wconf 88' lang='lat' dir='ltr'>Nemesius</span> <span class='ocrx_word' id='word_1_232' title='bbox 692 3485 733 3552; x_wconf 91' lang='lat' dir='ltr'>de</span> <span class='ocrx_word' id='word_1_233' title='bbox 749 3491 864 3551; x_wconf 86' lang='lat' dir='ltr'>natura</span> <span class='ocrx_word' id='word_1_234' title='bbox 878 3484 1015 3551; x_wconf 89' lang='lat' dir='ltr'>hominis</span> <span class='ocrx_word' id='word_1_235' title='bbox 1031 3505 1101 3571; x_wconf 89' lang='lat' dir='ltr'>cap.</span> <span class='ocrx_word' id='word_1_236' title='bbox 1121 3489 1173 3550; x_wconf 78' lang='lat'>42.</span> <span class='ocrx_word' id='word_1_237' title='bbox 1206 3480 1292 3573; x_wconf 84' lang='grc' dir='ltr'><strong><em>Ὅρα</em></strong></span> <span class='ocrx_word' id='word_1_238' title='bbox 1307 3525 1350 3534; x_wconf 93' lang='grc'>-</span> 
     </span>
     <span class='ocr_line' id='line_1_31' title="bbox 215 3589 1284 3677; baseline 0.002 -23"><span class='ocrx_word' id='word_1_239' title='bbox 215 3589 462 3677; x_wconf 77' lang='grc' dir='ltr'><strong><em>δικαιοκρισίαν</em></strong></span> <span class='ocrx_word' id='word_1_240' title='bbox 483 3591 583 3656; x_wconf 80' lang='lat' dir='ltr'>verba</span> <span class='ocrx_word' id='word_1_241' title='bbox 606 3589 709 3656; x_wconf 87' lang='lat' dir='ltr'>rubris</span> <span class='ocrx_word' id='word_1_242' title='bbox 732 3589 847 3656; x_wconf 83' lang='lat' dir='ltr'>litteris</span> <span class='ocrx_word' id='word_1_243' title='bbox 868 3589 904 3654; x_wconf 91' lang='lat' dir='ltr'>in</span> <span class='ocrx_word' id='word_1_244' title='bbox 926 3589 1070 3674; x_wconf 87' lang='lat' dir='ltr'>margine</span> <span class='ocrx_word' id='word_1_245' title='bbox 1092 3589 1180 3675; x_wconf 83' lang='lat' dir='ltr'>picta</span> <span class='ocrx_word' id='word_1_246' title='bbox 1200 3597 1284 3656; x_wconf 86' lang='lat' dir='ltr'>sunt.</span> 
     </span>
    </p>

    <p class='ocr_par' dir='ltr' id='par_1_9' title="bbox 214 3690 1349 3884">
     <span class='ocr_line' id='line_1_32' title="bbox 299 3690 1349 3780; baseline 0.003 -22"><span class='ocrx_word' id='word_1_247' title='bbox 299 3693 335 3758; x_wconf 92' lang='lat' dir='ltr'>P.</span> <span class='ocrx_word' id='word_1_248' title='bbox 363 3697 423 3758; x_wconf 82' lang='lat'>267</span> <span class='ocrx_word' id='word_1_249' title='bbox 448 3695 528 3780; x_wconf 81' lang='grc' dir='ltr'><strong><em>περί</em></strong></span> <span class='ocrx_word' id='word_1_250' title='bbox 543 3698 756 3770; x_wconf 79' lang='grc' dir='ltr'><strong><em>Καπίτωνος.</em></strong></span> <span class='ocrx_word' id='word_1_251' title='bbox 790 3694 839 3760; x_wconf 90' lang='lat' dir='ltr'>De</span> <span class='ocrx_word' id='word_1_252' title='bbox 855 3693 961 3760; x_wconf 83' lang='lat' dir='ltr'>verbis</span> <span class='ocrx_word' id='word_1_253' title='bbox 977 3690 1038 3760; x_wconf 89' lang='grc' dir='ltr'><strong><em>τὸν</em></strong></span> <span class='ocrx_word' id='word_1_254' title='bbox 1052 3697 1252 3776; x_wconf 86' lang='grc' dir='ltr'><strong><em>Παταβῖνον</em></strong></span> <span class='ocrx_word' id='word_1_255' title='bbox 1272 3693 1349 3762; x_wconf 85' lang='lat' dir='ltr'>vide</span> 
     </span>
     <span class='ocr_line' id='line_1_33' title="bbox 214 3799 438 3884; baseline 0 -22"><span class='ocrx_word' id='word_1_256' title='bbox 214 3817 313 3882; x_wconf 90' lang='lat' dir='ltr'>supra</span> <span class='ocrx_word' id='word_1_257' title='bbox 335 3817 367 3884; x_wconf 94' lang='lat' dir='ltr'>p.</span> <span class='ocrx_word' id='word_1_258' title='bbox 386 3799 438 3864; x_wconf 81' lang='lat'>82.</span> 
     </span>
    </p>
   </div>
   <div class='ocr_carea' id='block_1_3' title="bbox 212 3987 1351 4410">
    <p class='ocr_par' dir='ltr' id='par_1_10' title="bbox 212 3987 1351 4234">
     <span class='ocr_line' id='line_1_34' title="bbox 283 3987 1351 4060; baseline -0.002 -14"><span class='ocrx_word' id='word_1_259' title='bbox 283 3991 307 4052; x_wconf 78' lang='lat' dir='ltr'>*l</span> <span class='ocrx_word' id='word_1_260' title='bbox 329 3991 362 4046; x_wconf 92' lang='lat' dir='ltr'>ln</span> <span class='ocrx_word' id='word_1_261' title='bbox 379 3989 477 4046; x_wconf 89' lang='lat' dir='ltr'>codice</span> <span class='ocrx_word' id='word_1_262' title='bbox 495 3989 650 4046; x_wconf 85' lang='lat' dir='ltr'>Veronensi</span> <span class='ocrx_word' id='word_1_263' title='bbox 668 4004 729 4060; x_wconf 88' lang='lat' dir='ltr'>cap.</span> <span class='ocrx_word' id='word_1_264' title='bbox 743 3987 850 4044; x_wconf 84' lang='lat' dir='ltr'>(lXVll</span> <span class='ocrx_word' id='word_1_265' title='bbox 871 3991 950 4053; x_wconf 77' lang='lat' dir='ltr'>(lot),</span> <span class='ocrx_word' id='word_1_266' title='bbox 970 4003 1052 4059; x_wconf 87' lang='lat' dir='ltr'>quem</span> <span class='ocrx_word' id='word_1_267' title='bbox 1071 4005 1155 4058; x_wconf 84' lang='lat' dir='ltr'>snpra</span> <span class='ocrx_word' id='word_1_268' title='bbox 1176 3991 1211 4056; x_wconf 83' lang='lat' dir='ltr'>lp.</span> <span class='ocrx_word' id='word_1_269' title='bbox 1227 3990 1266 4051; x_wconf 67' lang='grc' dir='ltr'>το)</span> <span class='ocrx_word' id='word_1_270' title='bbox 1289 3990 1351 4044; x_wconf 85' lang='lat' dir='ltr'>lau-</span> 
     </span>
     <span class='ocr_line' id='line_1_35' title="bbox 212 4075 1349 4148; baseline -0.003 -17"><span class='ocrx_word' id='word_1_271' title='bbox 212 4077 286 4142; x_wconf 85' lang='lat' dir='ltr'>davi,</span> <span class='ocrx_word' id='word_1_272' title='bbox 307 4076 381 4132; x_wconf 88' lang='lat' dir='ltr'>inter</span> <span class='ocrx_word' id='word_1_273' title='bbox 398 4078 453 4132; x_wconf 86' lang='lat' dir='ltr'>alia</span> <span class='ocrx_word' id='word_1_274' title='bbox 466 4077 581 4132; x_wconf 79' lang='lat' dir='ltr'>Nicetes</span> <span class='ocrx_word' id='word_1_275' title='bbox 593 4075 790 4132; x_wconf 82' lang='lat' dir='ltr'>Heracleensis</span> <span class='ocrx_word' id='word_1_276' title='bbox 802 4076 908 4146; x_wconf 79' lang='lat' dir='ltr'>scriptu</span> <span class='ocrx_word' id='word_1_277' title='bbox 921 4082 1152 4131; x_wconf 86' lang='lat' dir='ltr'>commemoratur·</span> <span class='ocrx_word' id='word_1_278' title='bbox 1164 4075 1234 4130; x_wconf 84' lang='lat' dir='ltr'>liber</span> <span class='ocrx_word' id='word_1_279' title='bbox 1250 4076 1349 4148; x_wconf 74' lang='grc' dir='ltr'><strong><em>»περὶ</em></strong></span> 
     </span>
     <span class='ocr_line' id='line_1_36' title="bbox 214 4159 1104 4234; baseline 0.004 -20"><span class='ocrx_word' id='word_1_280' title='bbox 214 4159 468 4217; x_wconf 79' lang='grc' dir='ltr'><strong><em>ἂναποτάκτων</em></strong></span> <span class='ocrx_word' id='word_1_281' title='bbox 486 4159 618 4234; x_wconf 79' lang='grc' dir='ltr'><strong><em>ῥημάτων</em></strong></span> <span class='ocrx_word' id='word_1_282' title='bbox 636 4163 693 4216; x_wconf 84' lang='grc' dir='ltr'><strong><em>καὶ</em></strong></span> <span class='ocrx_word' id='word_1_283' title='bbox 713 4159 995 4216; x_wconf 63' lang='lat' dir='ltr'>avecundum</span> <span class='ocrx_word' id='word_1_284' title='bbox 1016 4163 1104 4227; x_wconf 65' lang='lat' dir='ltr'>(sicto</span> 
     </span>
    </p>

    <p class='ocr_par' dir='ltr' id='par_1_11' title="bbox 214 4248 1347 4410">
     <span class='ocr_line' id='line_1_37' title="bbox 283 4248 1347 4318; baseline 0 -15"><span class='ocrx_word' id='word_1_285' title='bbox 283 4249 325 4315; x_wconf 70' lang='lat' dir='ltr'>”l</span> <span class='ocrx_word' id='word_1_286' title='bbox 346 4249 378 4304; x_wconf 92' lang='lat' dir='ltr'>In</span> <span class='ocrx_word' id='word_1_287' title='bbox 397 4249 521 4306; x_wconf 88' lang='lat' dir='ltr'>editlonc</span> <span class='ocrx_word' id='word_1_288' title='bbox 541 4249 651 4304; x_wconf 86' lang='lat' dir='ltr'>violarii</span> <span class='ocrx_word' id='word_1_289' title='bbox 670 4265 697 4317; x_wconf 92' lang='lat' dir='ltr'>p.</span> <span class='ocrx_word' id='word_1_290' title='bbox 719 4253 768 4302; x_wconf 81' lang='grc'>403</span> <span class='ocrx_word' id='word_1_291' title='bbox 788 4249 954 4318; x_wconf 88' lang='lat' dir='ltr'>prudentius</span> <span class='ocrx_word' id='word_1_292' title='bbox 972 4250 1013 4303; x_wconf 81' lang='lat' dir='ltr'>ita</span> <span class='ocrx_word' id='word_1_293' title='bbox 1031 4249 1066 4303; x_wconf 88' lang='lat' dir='ltr'>de</span> <span class='ocrx_word' id='word_1_294' title='bbox 1084 4250 1136 4304; x_wconf 91' lang='lat' dir='ltr'>hoc</span> <span class='ocrx_word' id='word_1_295' title='bbox 1154 4249 1217 4303; x_wconf 91' lang='lat' dir='ltr'>loco</span> <span class='ocrx_word' id='word_1_296' title='bbox 1235 4248 1347 4304; x_wconf 88' lang='lat' dir='ltr'>scribit:</span> 
     </span>
     <span class='ocr_line' id='line_1_38' title="bbox 214 4335 1203 4410; baseline 0 -16"><span class='ocrx_word' id='word_1_297' title='bbox 214 4337 362 4394; x_wconf 82' lang='lat' dir='ltr'>»ueterum</span> <span class='ocrx_word' id='word_1_298' title='bbox 380 4337 449 4394; x_wconf 85' lang='lat' dir='ltr'>haee</span> <span class='ocrx_word' id='word_1_299' title='bbox 467 4337 503 4391; x_wconf 85' lang='lat' dir='ltr'>ad</span> <span class='ocrx_word' id='word_1_300' title='bbox 521 4335 691 4410; x_wconf 82' lang='lat' dir='ltr'>Hesychtum</span> <span class='ocrx_word' id='word_1_301' title='bbox 710 4351 765 4392; x_wconf 88' lang='lat' dir='ltr'>non</span> <span class='ocrx_word' id='word_1_302' title='bbox 783 4341 910 4409; x_wconf 82' lang='lat' dir='ltr'>spectare</span> <span class='ocrx_word' id='word_1_303' title='bbox 929 4337 990 4391; x_wconf 87' lang='lat' dir='ltr'>lucc</span> <span class='ocrx_word' id='word_1_304' title='bbox 1009 4335 1112 4392; x_wconf 85' lang='lat' dir='ltr'>clarius</span> <span class='ocrx_word' id='word_1_305' title='bbox 1131 4341 1203 4394; x_wconf 75' lang='lat' dir='ltr'>est«</span> 
     </span>
    </p>
   </div>
   <div class='ocr_carea' id='block_1_4' title="bbox 0 0 1628 4928">
    <p class='ocr_par' dir='ltr' id='par_1_12' title="bbox 0 0 1628 4928">
     <span class='ocr_line' id='line_1_39' title="bbox 0 0 1628 4928; baseline 0 1"><span class='ocrx_word' id='word_1_306' title='bbox 0 0 1628 4928; x_wconf 95' lang='lat' dir='ltr'> </span> 
     </span>
    </p>
   </div>
  </div>
 </body>
</html>
