3226 4932
606 413 649 424 -
696 379 780 462 [aaa]
828 415 870 426 -
1265 381 1304 442 τι

293 563 403 633 Κλειώ
424 558 457 630 τ’
483 559 637 654 Εὐτέρπη
661 591 696 632 τε
722 565 850 632 Θάλειά
872 589 907 632 τε
934 565 1128 652 Τερψιχόρη
1152 590 1187 632 τε

170 671 235 736 Sed
258 689 330 735 cum
352 669 567 753 Apollodorus
590 670 605 734 l
628 672 658 750 3,
688 675 699 732 l
735 677 766 736 et
788 669 979 736 Plutarchus
1002 690 1030 738 c.
1055 670 1157 756 princ.
1182 669 1262 755 phil.
1288 672 1306 735 3

170 773 316 838 Gratiam
345 773 391 838 ita
420 773 600 858 appellent,
634 781 882 840 consentaneum
913 781 963 840 est
983 772 1157 838 Pindarum
1182 792 1307 856 quoque

169 877 296 942 tertiam
320 875 464 942 Gratiam
488 876 655 961 appellare
678 877 821 960 potuisse
846 874 1006 942 Θάλειαν.
1042 875 1175 942 Accedit
1196 874 1301 940 aliud:

169 978 328 1045 Pindarus
366 978 451 1044 enim
488 979 567 1044 locis
595 980 762 1063 parallelis
795 980 829 1046 in
858 979 972 1046 eodem
1001 979 1158 1046 vocabulo
1188 998 1306 1044 sonove

169 1081 305 1167 repetito
338 1081 469 1166 egregio
503 1100 538 1146 se
572 1079 726 1148 delectat:
769 1082 855 1150 conf.
888 1103 917 1148 e.
943 1103 976 1167 g.
1009 1080 1120 1149 0VII
1150 1105 1205 1146 επ.
1232 1078 1261 1146 α’
1288 1087 1306 1144 6

168 1190 313 1270 πατέρα,
340 1207 394 1250 επ.
414 1180 444 1266 μί
463 1187 482 1248 6
505 1188 664 1270 πατέρος,
698 1183 788 1250 PIV
811 1206 882 1270 στρ,
902 1182 931 1248 α’
950 1189 968 1248 7
993 1177 1206 1270 εὐάρματον,
1234 1206 1304 1269 στρ.

167 1286 198 1369 β’
217 1293 234 1352 7
252 1283 445 1374 εὐεργέται,
467 1309 537 1370 στρ.
558 1283 585 1352 δ’
604 1290 621 1349 7
639 1281 830 1370 εὐδείελον,
858 1287 921 1353 IV
941 1289 1004 1370 (IV)
1026 1310 1098 1373 στρ.
1117 1285 1147 1352 α’
1165 1291 1184 1350 2
1201 1285 1304 1368 ἕκατι,

170 1415 242 1456 αντ.
262 1390 291 1472 μί
311 1395 330 1454 2
354 1389 457 1473 ἕκατι,
485 1414 540 1454 επ.
561 1387 590 1456 α’
609 1393 628 1454 6
646 1389 831 1475 Φυλακίδᾳ,
858 1413 913 1455 επ.
933 1388 960 1474 γ’
979 1393 998 1454 6
1016 1390 1201 1476 Φυλακίδᾳ.
1238 1387 1309 1454 Θά-

168 1495 259 1558 λεια
283 1503 390 1560 autem
412 1492 587 1578 respondet
600 1493 757 1559 vocabulo
773 1493 922 1578 strophae
937 1495 1152 1574 βασίλειαι.
1188 1493 1308 1572 Quam-

168 1599 276 1663 obrem
305 1598 373 1663 veri
402 1617 465 1662 non
494 1603 544 1662 est
574 1597 731 1664 dissimile
757 1596 932 1662 Pindarum
961 1597 1153 1663 vocabulum
1179 1593 1305 1662 Θάλεια

168 1701 213 1766 ita
235 1700 391 1785 posuisse,
419 1699 510 1765 utin
533 1700 735 1785 antistropha
756 1699 894 1766 eundem
917 1700 1022 1766 locum
1044 1707 1184 1782 teneret,
1211 1719 1305 1782 quem

169 1802 203 1866 in
227 1802 358 1888 stropha
380 1809 468 1868 tenet
489 1803 671 1885 βασίλειαι.
712 1801 805 1880 Quod
827 1802 856 1868 si
878 1823 988 1868 verum
1012 1809 1069 1884 est,
1097 1821 1211 1868 versus
1225 1802 1308 1867 alter

167 1912 199 1972 et
215 1906 329 1971 tertius
345 1905 561 1990 coniungendi
577 1913 661 1988 sunt,
681 1929 715 1970 τε
730 1905 815 1972 inter
829 1906 987 1972 vocabula
1001 1901 1128 1970 Θάλεια
1144 1912 1176 1972 et
1191 1901 1305 1989 ἐρασί-

167 2008 278 2089 μολπε
301 2008 380 2074 eliso

718 2147 743 2177 υ
797 2130 1304 2177 υ-υ-υέωμυ-υ-

213 2243 215 2250 ’
255 2271 326 2333 στρ.
353 2237 379 2312 ὦ
400 2249 549 2334 λιπαρᾶς
572 2242 722 2332 ἀοίδιμοι
743 2251 914 2333 βασίλειαι
937 2247 1084 2334 Χάριτες
1103 2243 1308 2333 Ὀρχομενοῦ

417 2349 638 2438 παλαιγόνων
660 2357 801 2419 Μινυᾶν
824 2352 1016 2432 ἐπίσκοποι,

255 2478 327 2520 αντ.
346 2454 468 2531 παῖδες
484 2453 627 2522 saccom
642 2473 667 2502 v
679 2493 700 2502 —
714 2473 739 2504 e
757 2453 884 2522 Θάλειά
899 2450 930 2520 τ’
952 2453 1170 2542 ἐρασίμολπε,
1196 2453 1307 2520 ἰδοῖσα

417 2555 515 2624 τόνδε
538 2565 651 2642 κῶμον
674 2554 733 2625 ἐπ’
759 2555 892 2644 εὐμενεῖ
915 2557 999 2644 τύχᾳ

169 2679 304 2763 Syllaba
326 2698 445 2764 anceps
468 2679 501 2744 in
523 2679 587 2746 fine
610 2681 689 2763 coli,
725 2701 789 2764 qua
811 2679 955 2746 eiusdem
979 2681 1129 2746 carminis
1150 2699 1264 2746 versus
1290 2685 1301 2741 l

167 2782 305 2866 insignis
328 2789 377 2848 cst
404 2781 456 2866 (of.
478 2785 547 2864 12),
582 2783 660 2848 alibi
690 2803 817 2868 quoque
845 2803 909 2850 non
939 2803 1011 2848 rara
1040 2783 1144 2850 estin
1167 2783 1305 2867 strophis

168 2885 377 2968 logaoedicis‚
404 2884 445 2950 ef.
472 2881 498 2950 0
521 2885 569 2949 IX
593 2906 644 2970 ep.
671 2890 689 2952 8

339 3023 519 3054 .....
533 3005 1130 3059 -υ-υυ,ῦέυ-υυ-υμὲ

592 3247 614 3278 α
734 3227 984 3284 -ῦέυυμΞ

168 3349 253 3428 Quid
275 3350 308 3415 in
331 3350 448 3416 lacuna
469 3349 684 3434 interciderit,
710 3351 765 3416 vix
788 3357 874 3417 certe
897 3351 960 3417 dici
981 3358 1096 3436 potest,
1123 3357 1195 3434 νῦν,
1222 3351 1307 3433 quod

167 3451 240 3517 libri
263 3453 401 3535 babent,
427 3473 490 3518 non
513 3454 747 3534 necessarium,
778 3473 849 3520 cum
873 3461 1025 3538 sequatur
1048 3451 1159 3519 ἰδοῖσα
1182 3449 1305 3520 τόνδε

166 3559 294 3637 κῶμον,
328 3554 465 3622 fortasse
494 3557 667 3622 insiticium
694 3563 754 3622 est.
801 3556 1074 3622 verisimillimum
1097 3564 1204 3623 aulem
1228 3557 1305 3624 mibi

166 3677 238 3724 esse
261 3657 388 3724 videtur
409 3659 613 3725 intercidisse
636 3663 778 3743 γένεσθε
801 3667 833 3726 et
848 3659 1050 3742 scholiastae,
1077 3680 1156 3743 quos
1173 3680 1230 3727 nos
1244 3661 1303 3726 ba-

165 3761 279 3827 bemus
301 3760 345 3825 ad
368 3761 452 3827 hunc
474 3763 597 3842 locum,
632 3763 845 3846 Byzantinos,
877 3763 934 3845 qui
959 3763 992 3828 in
1015 3763 1105 3830 libris
1127 3784 1192 3829 non
1214 3764 1304 3849 lege-

165 3871 236 3930 rent
250 3867 402 3948 γένεσθε,
429 3865 514 3931 idem
530 3865 563 3930 in
586 3864 717 3930 scholiis
739 3865 973 3948 antiquioribus
995 3867 1151 3950 legerent,
1177 3867 1305 3934 remita

164 3967 377 4050 intellexisse,
403 3967 496 4050 quasi
520 3971 661 4051 γε’νεσδε
684 3967 765 4034 illud
789 3968 958 4053 cogitando
974 3971 1188 4055 supplendum
1204 3979 1300 4037 esset.

165 4070 337 4136 Praeterea
366 4077 473 4137 autem
495 4070 609 4136 vitium
632 4071 739 4138 inesse
762 4072 907 4158 suspicor
928 4073 961 4138 iu
984 4073 1125 4159 epitheto
1148 4073 1302 4158 languido

166 4172 374 4257 ἐρασίμολπε
397 4175 511 4240 tertiae
534 4173 681 4257 Gratiae,
707 4195 779 4241 cum
803 4177 906 4242 altera
927 4176 1144 4244 nominaretur
1167 4177 1303 4264 φιλησί-

164 4277 287 4357 μοίπε.
325 4277 450 4344 Collato
472 4275 622 4380 igiturzP
638 4277 683 4344 IV
702 4281 760 4343 136
786 4283 916 4364 Τυροῦς
932 4276 1209 4364 ἐρασιπλοκάμου
1224 4281 1303 4347 scri·
