3274 4934
623 449 666 458 -
713 413 797 495 urs]
846 449 886 458 -
1128 486 1134 499 ,
1282 411 1323 474 es

187 601 339 667 tributum
361 621 425 668 non
447 601 579 667 nimium
602 601 665 668 sibi
686 601 895 684 imponerent,
926 620 989 666 non
1011 601 1172 685 privilegii
1195 601 1322 666 nomine

187 725 290 788 neque
305 705 461 772 sociorum
477 705 563 791 parti
578 711 712 799 mutum,
732 704 791 772 sed
807 702 929 770 cunctis
946 703 1076 770 licuisse
1091 702 1321 770 contenderim.

275 825 401 892 Deinde
423 826 513 892 utin
535 826 739 910 legislatione
769 825 904 911 privatis
926 823 1110 891 hominibus
1132 823 1323 910 permissum

188 933 258 992 erat
287 935 322 994 ιιι
350 929 532 1012 rogationes
561 929 604 995 ad
632 937 779 996 senatum
807 927 928 994 ferrent
955 929 995 1011 lv.
1021 949 1053 1014 p.
1081 931 1147 1010 31),
1181 926 1227 992 sic
1256 925 1327 992 fieri

189 1031 343 1115 potuisse.
369 1040 404 1098 ιιι
426 1031 504 1098 socii
526 1051 651 1116 quoque
673 1039 787 1115 rogatu
810 1030 952 1098 ἰδιωτῶν
974 1037 1188 1112 censerentur,
1216 1049 1256 1095 ex
1279 1028 1326 1095 eis

190 1133 356 1218 evincitur,
383 1155 466 1219 quae
489 1134 526 1201 Ο.
544 1135 572 1199 Ι.
596 1137 636 1200 Α.
662 1135 678 1199 Ι
701 1137 775 1200 243.
800 1139 875 1199 244.
901 1138 975 1200 256.
1002 1137 1063 1198 257
1087 1133 1251 1199 nonnullis
1268 1151 1327 1216 op-

191 1235 277 1321 pidr's
299 1238 500 1323 praescripta
522 1243 612 1304 sunt:
639 1235 757 1314 πόλεις
780 1235 820 1314 ἃς
843 1237 875 1302 οἱ
898 1236 1028 1303 ἰδιῶται
1051 1236 1245 1323 ἐνέγραψαν
1260 1231 1327 1321 φό-

191 1362 252 1423 ρον
274 1345 392 1428 φέρειν
418 1339 471 1425 (of.
496 1341 649 1416 Koehler.
676 1341 698 1407 l.
724 1342 746 1406 l.
772 1363 804 1426 p.
827 1343 913 1424 137).
963 1339 1087 1420 Quodsi
1109 1337 1342 1408 Loeschokius.

197 1447 238 1530 [p.
268 1449 316 1529 ll)
344 1445 510 1531 probabile
539 1465 602 1511 non
632 1451 724 1531 putat
742 1438 880 1511 ‘eisdem
910 1444 1095 1510 civitatibus
1117 1442 1265 1510 evenisse
1293 1449 1328 1508 ιιι

192 1547 254 1614 hae
273 1549 398 1616 ratione
420 1569 477 1635 pro
499 1549 546 1614 rei
567 1556 683 1615 natura
701 1549 807 1616 minus
822 1548 941 1642 usitata
957 1547 1085 1633 saepius
1101 1548 1324 1626 censerentur,

192 1651 340 1734 equidem
369 1673 431 1718 non
459 1651 585 1736 dubito,
616 1651 694 1735 quin
716 1657 886 1738 postquam
916 1651 1017 1716 semel
1051 1669 1166 1716 census
1193 1649 1248 1714 ille
1271 1668 1329 1732 per

192 1754 334 1839 privatos
356 1755 500 1822 homines
522 1755 710 1839 impetratus
733 1761 828 1836 esset,
855 1761 969 1839 postea
991 1752 1128 1819 formula
1150 1752 1218 1832 illa,
1255 1771 1328 1817 cum

192 1876 308 1925 census
330 1859 533 1941 retineretur,
571 1858 613 1924 de
642 1857 765 1924 eisdem
788 1856 919 1923 urbibus
941 1856 1041 1942 repeti
1064 1855 1158 1922 solita
1181 1855 1236 1934 sit,
1266 1874 1329 1919 non

193 1983 256 2046 quo
278 1963 395 2029 iterum
418 1970 514 2045 atque
537 1962 652 2028 iterum
675 1961 791 2047 privati
812 1967 972 2046 rogarent.

280 2066 450 2152 Singulare
471 2066 556 2131 iuter
569 2066 732 2150 catalogos
749 2065 971 2150 sexagesimae
986 2063 1200 2147 fragmentum
1216 2083 1247 2126 n.
1268 2065 1329 2127 loo
1446 2153 1449 2162 ι

194 2177 254 2248 est,
279 2169 314 2236 in
336 2189 398 2252 quo
421 2169 500 2236 haec
522 2176 755 2253 agnoscuntur:

606 2411 624 2423 -
653 2412 671 2423 ·
704 2371 904 2458 [malorum

607 2515 671 2526 ··
705 2477 910 2565 Μαριανῆς

606 2619 624 2629 -
652 2619 670 2630 -
703 2574 1029 2668 Μλωννοκοννήσιοι

355 2684 502 2770 [Uolsce
530 2682 569 2762 ἃς
592 2684 729 2769 inicias
752 2683 784 2750 οἱ
806 2683 926 2750 roaros

354 2789 423 2873 [ἐπὶ
452 2827 470 2838 ·
498 2826 516 2838 -
531 2791 586 2872 lov
608 2785 904 2874 γραμματεύοντος

609 2929 626 2940 -
655 2930 673 2941 -
736 2893 1011 2977 [Κιαλλιπολῑται

609 3034 626 3044 -
656 3034 674 3045 -
733 3001 896 3082 Σαρταῑοι

608 3137 626 3148 -
655 3137 673 3149 -
724 3093 898 3186 Ἀμόργιον

356 3203 503 3290 illelom,
530 3200 570 3280 ἃς
592 3196 622 3290 ἡ]
649 3200 754 3289 βουλὴ
777 3204 834 3268 καὶ
858 3200 890 3267 οἱ
912 3197 1155 3282 πεντακόσιοιι]

357 3307 400 3394 [oi
423 3303 580 3396 ἠλιασταὶ
602 3306 764 3393 iricius,

283 3605 387 3686 Atque
410 3600 571 3669 Koehlero
592 3601 623 3686 (l.
642 3601 714 3686 lp.
736 3603 784 3684 82)
807 3599 940 3665 dubium
956 3597 1135 3676 videbatur,
1155 3605 1260 3662 unum
1276 3597 1336 3664 hoc

198 3708 413 3792 fragmentum
437 3725 551 3773 census
574 3703 683 3771 tributi
706 3711 802 3786 esset,
840 3711 875 3768 ut
896 3703 912 3768 Ι
936 3705 986 3784 37,
1013 3723 1055 3768 cn
1078 3701 1234 3786 catalogis
1258 3721 1335 3766 exa-

198 3811 342 3896 gesimae
364 3810 570 3888 tributorum
597 3807 815 3874 Kirehlroffius
838 3805 979 3892 lapidem
1006 3805 1163 3889 catalogis
1190 3805 1333 3872 inseruit.

197 3915 290 3994 Quod
314 3935 370 3980 suo
392 3914 462 3980 iure
485 3933 558 3980 eum
581 3911 697 3978 fecisse
719 3929 910 3996 persuasum
933 3909 1011 3975 milri
1033 3916 1092 3976 est.
1135 3909 1335 3992 Quamquam
1424 3963 1427 3970 .

198 4018 283 4086 enim
305 4017 339 4083 in
361 4016 476 4084 ceteris
499 4015 723 4099 sexagesimae
745 4013 909 4080 latereulis
939 4013 1035 4079 urbes
1069 4033 1090 4077 a
1118 4013 1213 4079 tactis
1243 4013 1295 4078 vel
1318 4035 1338 4078 a

198 4128 312 4188 senatu
337 4120 560 4202 iudicibusque
583 4119 773 4186 aestimatae
797 4117 978 4183 enumerari
992 4137 1056 4183 nou
1072 4117 1184 4198 solent,
1204 4123 1239 4182 nt
1254 4115 1289 4182 fit
1306 4116 1339 4182 in

197 4245 236 4291 eo
259 4224 300 4290 de
330 4245 392 4307 quo
416 4223 552 4309 agimm,
587 4230 696 4290 tamen
718 4223 751 4288 in
772 4221 896 4288 tabella
924 4239 1038 4286 census
1068 4220 1257 4286 tributorum
1288 4241 1340 4286 se-

196 4337 305 4394 natum
329 4336 362 4395 et
382 4327 506 4394 iudices
528 4326 620 4392 initio
642 4323 910 4412 praescribendcs
932 4323 1032 4390 inisse
1048 4331 1197 4409 apparet:
1227 4344 1340 4407 quem-

1110 4445 1124 4495 a
