3226 4932
593 371 649 452 ’-
697 409 780 489 [εισι
829 445 870 453 -
1265 401 1303 462 :u

168 607 274 666 autem
299 600 351 666 lex
375 597 550 678 notissima,
577 617 617 662 ne
641 597 738 680 longo
759 596 891 662 trisemo
914 596 1056 660 solvatur
1077 595 1111 658 in
1134 593 1215 658 duas
1233 592 1306 656 bre-

169 724 236 770 ves.
284 703 376 781 Quae
398 720 497 766 causa
518 698 646 765 videtur
668 699 780 782 fuisse,
807 719 863 765 cur
885 717 990 782 neque
1011 697 1228 762 Mommsenus
1250 713 1308 760 ne-

169 828 231 890 que
247 805 405 872 Christius
428 822 541 870 uersus
563 803 720 869 auderent
742 803 946 885 coniungere.
987 801 1125 866 Possunt
1146 819 1223 864 vero
1238 798 1308 862 ion-

169 931 232 994 gae
255 909 405 976 trisemae
428 907 530 973 vicem
554 925 666 991 gerere
689 906 773 972 duae
795 906 911 971 breves
934 911 1011 984 tum,
1039 923 1110 968 cum
1133 908 1207 968 ante
1223 900 1307 986 prio-

169 1034 236 1078 rem
259 1014 388 1078 brevem
411 1017 593 1078 constanter
614 1010 804 1075 vocabulum
828 1007 951 1073 finitur:
986 1015 1053 1073 tum
1084 1006 1168 1071 enim
1191 1005 1308 1086 longae

170 1118 322 1182 trisemae
345 1114 549 1180 substituitur
570 1131 673 1198 pausa
695 1113 790 1177 unius
812 1131 921 1178 morae
944 1119 976 1177 et
998 1111 1082 1176 duae
1105 1110 1219 1174 breves

709 1233 770 1268 t.-

707 1335 783 1368 Λυυ

173 1427 275 1508 Atque
297 1423 332 1488 id
353 1423 387 1487 in
409 1442 505 1488 versu
528 1422 638 1506 quinto
661 1423 781 1488 factum
804 1439 876 1486 esse
900 1419 1012 1504 negari
1035 1420 1089 1484 vix
1112 1425 1226 1503 potest.
1254 1415 1307 1480 ubi

172 1531 204 1593 in
226 1528 286 1594 boc
309 1533 408 1592 metro

469 1626 1019 1694 Μέῦ-υυ-υῑὶ’-υι,ἕ

174 1744 224 1801 ter
246 1733 378 1800 soluitur
398 1733 500 1799 thesis
522 1741 645 1816 quarta,
672 1739 784 1816 quater
806 1751 870 1796 non
892 1729 1036 1798 solvitur.
1063 1728 1121 1793 sed
1147 1728 1192 1792 ito
1214 1735 1258 1802 ut,
1286 1726 1310 1790 si

175 1838 310 1904 solvitur
328 1837 439 1916 thesis,
466 1843 540 1901 ente
557 1856 628 1901 carn
644 1837 777 1902 verbum
793 1833 931 1910 finiatur,
959 1831 1046 1914 quod
1060 1831 1146 1898 idem
1161 1831 1195 1895 in
1210 1829 1312 1914 primo

174 1963 269 2008 versu
291 1941 327 2006 fit
348 1947 423 2006 ante
442 1931 587 2004 Ἑλέναν.

259 2043 373 2126 Itaque
401 2043 472 2109 coia
501 2061 652 2108 versuum
674 2042 720 2107 its
742 2040 942 2114 dimetimur,
976 2045 1012 2104 ut
1033 2058 1136 2124 pausa
1158 2037 1217 2102 illa
1239 2043 1312 2101 ante

173 2147 298 2213 initium
322 2145 383 2212 coli
405 2146 541 2212 incidat:

264 2702 336 2764 στρ.
355 2676 385 2742 α’
411 2684 563 2744 Μοῖσαν.
590 2677 625 2744 ἐκ
648 2675 805 2762 μεγάλων
827 2677 863 2741 δέ
887 2677 890 2758 i
916 2681 1057 2741 πενθῶν
1079 2677 1240 2750 λυθέντες

265 2779 384 2864 στοβ
410 2777 471 2867 χρὴ
496 2773 528 2844 δ’
555 2777 592 2844 έν
614 2775 843 2845 ἑπταπύλοισι
867 2779 870 2864 Ι
898 2775 1028 2864 Θήβαις
1050 2783 1223 2864 τραφέντα

264 2906 336 2968 στρ.
354 2880 382 2968 γ’
408 2880 581 2968 σώφρονές
603 2876 635 2946 τ’
662 2879 816 2964 ἐγένοντο
841 2881 844 2962 i
870 2885 1007 2946 πινυτοί
1029 2903 1064 2946 τε
1089 2878 1212 2962 θυμόν.

264 2983 382 3072 orori
408 2983 579 3050 παύσατε·
604 2989 755 3070 βροτέων
777 2983 814 3050 δὲ
839 2984 842 3068 1
868 2985 992 3065 λεχέων
1014 2996 1154 3065 τυχοῖσα

266 3112 338 3174 στρ.
357 3085 381 3154 ε’
408 3095 533 3154 νεῦσαν
556 3081 783 3153 ἀθανάτοισιν
807 3087 810 3172 i
837 3085 948 3152 έπέιον
971 3087 1007 3151 δὲ
1030 3086 1162 3170 καρπός

265 3214 337 3276 στρ.
351 3188 385 3270 ις’
411 3189 559 3276 Αἲγῖναν
582 3195 752 3276 σφετέραν
774 3214 809 3255 τε
835 3191 838 3272 i
864 3188 962 3275 ῥίζαν
986 3187 1190 3276 πρόφαινεν.

265 3315 335 3379 στρ.
357 3291 383 3373 ζ’
412 3293 690 3380 πατραδελφεοῦ·
718 3287 901 3376 ἆλί-Ι-κιυν
924 3299 970 3376 τῷ
992 3317 1042 3369 τις
1066 3286 1173 3376 ἁβρόν

181 3398 288 3464 Semel
303 3397 402 3480 igitur
421 3397 465 3482 (in
480 3397 613 3482 stropha
625 3395 662 3478 ζ]
684 3397 815 3464 verbum
831 3397 1033 3462 continuetur
1047 3417 1088 3461 ex
1102 3397 1206 3481 priore
1222 3397 1255 3461 in
1270 3397 1320 3461 ol-

177 3507 279 3566 tcrum
303 3501 418 3578 colum,
445 3499 504 3565 sed
526 3521 589 3565 non
611 3500 663 3564 hic
686 3519 800 3565 versus
816 3499 904 3564 solus
920 3499 1034 3582 obstat,
1061 3499 1230 3584 quominus
1246 3521 1318 3565 ver·

179 3623 250 3668 sum
272 3602 473 3684 dividamus,
500 3603 558 3669 scd
581 3602 678 3668 etiam
701 3602 855 3685 necilli,
886 3603 1037 3687 quiante
1062 3623 1227 3669 caesuram
1250 3603 1320 3668 exi-

178 3714 245 3771 tum
268 3705 490 3790 imperfectum
512 3707 643 3784 habent,
671 3702 701 3768 α’
727 3705 773 3788 δέ,
801 3703 828 3789 γ’
855 3703 1019 3790 ἐγένοντο,
1047 3703 1074 3785 ς’
1101 3709 1147 3770 τέ.

266 3809 390 3887 Quibus
413 3829 453 3875 ex
468 3809 547 3875 locis
563 3808 722 3888 videmus,
748 3829 832 3893 quae
849 3808 1031 3876 differentia
1045 3809 1223 3876 intercedet
1238 3809 1321 3875 inter·

180 3933 251 3978 eam
274 3931 409 3998 pausam
432 3912 661 3997 errbythmom‚
687 3932 784 3995 quam
806 3911 867 3978 boc
890 3913 959 3978 loco
983 3913 1016 3978 in
1031 3911 1136 3978 medio
1152 3931 1248 3978 versu
1263 3911 1321 3977 de-

179 4015 407 4100 prehendimus
428 4015 477 4099 (ct'.
497 4015 529 4080 11
544 4015 561 4100 ξ
580 4019 609 4096 3,
630 4017 674 4096 3),
701 4035 784 4098 quae
801 4023 924 4082 certum
939 4017 1091 4102 temporis
1108 4016 1247 4100 spatium
1263 4036 1321 4081 ex-

179 4120 278 4202 pleat,
304 4138 408 4202 neque
431 4119 592 4204 syllabam
614 4125 690 4184 ante
713 4138 748 4185 sc
771 4121 908 4204 positam
932 4122 1088 4205 producat
1113 4119 1197 4202 tideo
1216 4117 1321 4184 exitus

181 4221 386 4308 imperfectos
409 4229 483 4288 ante
507 4241 577 4287 eam
601 4241 719 4306 ponere
742 4223 848 4306 iicet),
875 4229 908 4288 et
929 4243 1063 4308 pausam
1087 4221 1317 4305 arrbytbmom.

180 4345 276 4408 quam
298 4325 332 4389 in
355 4324 417 4389 tine
439 4343 590 4388 versuum
613 4343 684 4388 esse
708 4324 897 4390 conicimus.
945 4326 1027 4392 Ante
1057 4346 1128 4391 eoru
1160 4323 1245 4390 enim
1274 4325 1323 4390 ul-
