3226 4932
307 395 347 459 ae
628 441 632 450 ,
742 436 785 444 -
834 400 918 482 [eas]
966 435 1009 445 -

307 587 392 668 Apta
415 593 464 652 est
486 588 568 653 haec
588 609 740 654 mensura
762 609 800 654 eo
822 609 965 672 qnoque,
993 586 1080 672 qnod
1103 587 1232 672 syllaba
1253 587 1328 667 illa,
1363 608 1452 670 qnae

309 687 341 751 in
364 689 512 756 omnibns
535 691 647 774 epodis
670 693 708 756 ἐῐι
729 691 928 776 diphthongo
944 689 1090 770 efficitur,
1118 691 1161 756 ad
1175 691 1270 756 trium
1285 711 1448 755 morarum

307 799 434 876 tempus
456 792 650 858 extenditur.
697 795 817 860 Versus
840 794 990 878 strophae
1005 794 1134 876 quintus
1148 794 1282 878 praebet
1296 793 1450 878 exempla

308 895 411 959 ultimi
434 895 526 980 pedis
549 896 610 962 coli
634 896 813 982 spondaici,
840 917 935 981 quem
956 903 1066 961 nostra
1082 915 1232 962 mensura
1247 896 1446 981 recepimus:

469 1017 1284 1064 ................

395 1135 961 1220 oaet24)1vss1·;vl1)11,ct

436 1237 557 1324 στρβ
579 1246 589 1302 l
621 1233 813 1322 άτόλματον
830 1233 964 1306 Ἑλλάδι
986 1239 1132 1322 μόχθον.
1166 1233 1252 1303 άλλό

437 1341 554 1428 στρζ
580 1348 592 1406 1
620 1339 659 1407 τδ
682 1345 739 1407 καὶ
761 1350 824 1408 νῦν
846 1347 943 1429 φέρει
966 1341 1077 1427 λόγον,
1104 1341 1243 1408 ἔσσυταί
1264 1365 1299 1407 τε

393 1445 514 1511 Versus
542 1445 666 1530 primns
697 1446 846 1530 strophae
877 1465 948 1510 cnm
978 1446 1079 1510 altero
1110 1445 1351 1529 coniungendus
1384 1452 1447 1527 est,

312 1547 451 1613 maxime
472 1547 562 1630 ideo,
595 1548 680 1632 qnod
703 1555 776 1632 post
798 1541 884 1611 ἀλλά
906 1549 1050 1631 sequitur
1070 1568 1243 1633 pronomen
1265 1548 1452 1614 enclitionm

309 1655 369 1730 μοι
391 1657 423 1716 et
445 1651 529 1734 qnod
552 1673 623 1734 στρ.
643 1649 670 1715 δ
691 1656 703 1712 1
731 1651 798 1716 exit
818 1651 851 1715 in
873 1651 1064 1736 particulam
1087 1651 1124 1716 δέ
1146 1651 1258 1717 elisam

428 1751 504 1818 ἐπεὶ
526 1751 715 1841 θεσφάτων
738 1751 952 1818 ἐπάκουσαν·
977 1748 1053 1818 εἶπε
1077 1747 1113 1818 δ’
1140 1755 1143 1838 ἶ
1168 1748 1329 1836 εὔβουλος

311 1873 458 1940 Lectione
481 1875 600 1940 tradita
622 1897 685 1940 non
708 1875 883 1959 impeditur
905 1875 1084 1940 coniunctio
1106 1876 1139 1939 in
1161 1875 1212 1939 his
1235 1875 1393 1960 strophis:

497 1995 1248 2047 υΔ-υ-υυ-υ’-υι,.ὐ..υ-υυὲ

372 2119 443 2181 στρ.
464 2097 493 2160 α’
520 2095 702 2182 Κλεάνδρῳ
725 2121 776 2174 τις
799 2091 913 2182 ἁλικίᾳ
935 2121 970 2161 τε
994 2097 1115 2182 λύτρον
1138 2093 1286 2176 εὔδοξον,
1314 2085 1448 2167 tueor.

719 2198 881 2282 καμάτων

373 2325 444 2388 στρ.
463 2302 493 2384 δ
520 2297 712 2386 άτόλματον
730 2297 861 2369 Ἐλλάδι
885 2300 1032 2385 μόχθον.
1063 2297 1140 2366 ἀλλ’
1166 2302 1240 2384 ἐμοὶ
1263 2302 1362 2384 δεῖμα
1386 2304 1454 2384 μὲν

720 2412 980 2492 παροιχομένων

372 2532 443 2595 στρ.
463 2507 490 2574 δ
516 2508 589 2575 ἐπεὶ
613 2508 802 2597 θεσφάτων
825 2508 1039 2576 ἐπάκουσαν·
1070 2503 1145 2574 εἶπε
1169 2503 1202 2573 δ’
1227 2504 1390 2590 εὔβουλος
1415 2508 1456 2574 έν

719 2619 854 2696 μέσοισι
879 2617 983 2695 Θέμις

374 2737 445 2800 στρ,
466 2714 492 2795 ζ’
521 2714 558 2780 τό
583 2717 639 2781 καὶ
653 2724 716 2783 νῦν
731 2722 829 2804 φέρει
843 2715 945 2802 λόγον
960 2715 1099 2781 ἔσσυταί
1113 2739 1148 2780 τε
1167 2720 1340 2780 Μοισαῖον
1356 2709 1452 2799 άρμα

724 2820 906 2896 Νικοκλέος

308 2921 345 2984 ln
377 2923 507 3006 stropha
531 2921 554 2986 ε’
579 2942 692 2988 versus
723 2924 899 2988 restituitur
926 2923 1096 2989 scribendo
1125 2915 1212 2986 εύθύ
1239 2942 1298 3006 pro
1321 2915 1450 2998 εύθύςε

309 3023 430 3090 ἰόντων
458 3019 490 3089 δ’
517 3024 551 3102 ές
581 3021 733 3112 άφθιτον
760 3023 883 3112 άντρον
906 3020 993 3092 εύθύ
1015 3031 1189 3110 Χείρωνος
1213 3017 1323 3089 αὐτίκ’
1350 3019 1455 3110 ἅγγε-

308 3129 394 3210 λὶαι,
429 3128 515 3212 qnod
545 3129 640 3196 facile
670 3131 718 3210 tit,
753 3151 827 3195 nam
856 3131 1015 3198 sententia
1037 3130 1169 3210 localis,
1203 3147 1285 3212 qnae
1306 3128 1394 3194 inest
1415 3130 1454 3196 in

308 3224 406 3312 εὐθύ,
434 3231 508 3298 hnic
531 3233 600 3298 loco
623 3253 726 3318 aeque
749 3239 825 3318 apta
841 3239 890 3298 est
912 3253 951 3298 ac
967 3231 1125 3298 sententia
1140 3231 1335 3316 temporalis,
1364 3251 1454 3314 qnae

307 3335 392 3400 inest
414 3335 447 3398 in
470 3328 586 3411 εὐθύς.
626 3336 664 3400 In
687 3335 820 3419 stropha
842 3334 869 3419 γ’
895 3355 951 3420 pro
973 3335 1125 3400 librorum
1150 3329 1291 3416 ἐνεγκὼν
1306 3341 1455 3416 κοιμᾶτο

308 3438 545 3503 emendandum
568 3445 617 3504 est
639 3459 711 3504 cum
735 3439 875 3523 Bergkio
898 3443 1014 3524 φέρων
1037 3435 1209 3519 ἐκοιμᾶτο

431 3541 467 3604 σὲ
491 3535 523 3606 δ’
550 3539 584 3617 ές
606 3549 712 3607 νᾶσον
738 3541 906 3607 Οἰνοπίαν
929 3545 1044 3627 φέρων
1067 3539 1235 3621 ἐκοιμᾶτο,
1263 3541 1339 3604 δῖον
1362 3539 1455 3606 ἔνθα

720 3650 813 3721 τέκες

309 3765 345 3829 ln
368 3784 408 3830 ea
431 3785 513 3849 quae
536 3773 682 3850 superest
705 3765 836 3851 stropha
859 3763 899 3846 ς’,
925 3765 981 3830 ubi
1003 3765 1157 3848 legimus:

433 3987 609 4075 γεφύρωσέ
633 3986 665 4052 τ’
692 3983 897 4074 Ἀτρεΐδαισι
918 3985 1050 4070 νόστον,
1074 3981 1210 4054 Ἑλέναν
1232 3982 1265 4050 τ’
1292 3986 1453 4072 ἐλύσατο,

726 4092 858 4177 Teutas

310 4215 347 4258 eo
370 4195 452 4276 loco,
479 4214 541 4276 qno
564 4194 597 4258 in
620 4195 752 4278 reliquis
776 4194 916 4279 strophis
939 4193 1103 4258 trisemam
1125 4195 1255 4278 longam
1271 4197 1456 4282 posuimus,

308 4304 421 4362 extant
450 4297 534 4362 dnae
564 4298 696 4378 breves,
730 4299 853 4383 priores
884 4296 1032 4381 syllabae
1053 4296 1144 4363 vocis
1162 4289 1310 4363 Ἑλέναν.
1359 4301 1462 4368 Vetat
