3226 4932
308 399 348 458 ω
742 433 783 442 -
832 396 915 476 [322]
963 433 1004 441 -

306 607 388 667 μον·
423 579 627 670 ἀμφοτέρων
655 589 820 672 μέμνηται
845 583 1053 668 Θεόπομπος
1084 583 1120 650 ἒν
1147 591 1191 669 τῇ
1216 582 1262 648 ια’
1288 590 1355 650 τῶν
1378 589 1442 649 Φι-

306 690 486 754 λιππικιῖιν.

392 791 591 859 Phavorinus
614 795 688 859 Bas.
713 813 746 878 p.
768 795 846 858 133:
874 789 1070 875 Ἀμάδοκος,
1100 785 1292 879 Ἰσοκράτης
1315 793 1442 857 Φιλιπ-

308 903 414 982 πικιῖι·
444 893 503 962 δύο
527 894 705 982 γεγόνασιν
728 886 831 978 οὗτοι,
859 893 970 982 πατὴρ
993 896 1050 960 καὶ
1070 893 1155 972 υἱός.
1182 893 1219 972 ὃς
1242 896 1298 960 καί
1315 897 1443 960 Φιλίπ-

308 1025 363 1086 πηι
394 998 631 1088 συμμαχήσων,
670 989 776 1087 ἦλθεν
805 999 867 1077 εἰς
889 998 963 1066 τὸν
995 1001 1339 1086 κερσοβλέπτειν
1371 997 1444 1084 (τὸν

306 1106 557 1192 κερσοβλέπτην
579 1105 631 1172 ed.
657 1105 746 1171 Rom.
769 1107 861 1189 1523)
888 1103 1051 1187 πόλεμον.
1090 1097 1294 1191 ἀμφοτέρων
1314 1109 1444 1192 μέμνη-

306 1235 362 1275 ται
387 1207 604 1292 Θεόπομπος,
633 1207 677 1274 ἒν
699 1205 844 1296 πρώτω
867 1215 933 1275 τῶν
956 1209 1184 1274 Φιλιππικῶν.

307 1351 312 1360 -
393 1314 536 1379 Eudooia
557 1335 588 1399 p.
610 1317 665 1378 37:
696 1309 924 1396 Άμάόοκοι,
952 1307 1012 1379 δύο
1034 1309 1224 1398 γεγόνασιν,
1250 1309 1361 1398 πατὴρ
1385 1313 1444 1376 καὶ

244 1423 255 1452 ‘
305 1413 394 1497 οἷὸς,
428 1410 472 1493 ὡς
491 1411 682 1504 Ἰσοκράτης
707 1417 922 1502 Φιλιππικῴ.
960 1415 999 1482 oi
1029 1416 1086 1480 καί
1114 1416 1278 1500 Φιλίππῳ
1308 1437 1443 1498 συμμα-

305 1517 479 1607 χήσοντες,
512 1509 622 1608 ἦλθον
651 1519 708 1597 είς
738 1517 807 1587 τὸν
835 1525 1142 1606 κερσοβέπτειν
1172 1516 1335 1602 πόλεμον.
1376 1515 1443 1603 ἀμ-

306 1627 462 1710 φοτέρων
483 1627 650 1711 μέμνηται
674 1623 883 1708 Θεόπομπος
914 1622 951 1690 ἐν
973 1621 1096 1710 πρώτῳ
1119 1630 1185 1689 τῶν
1209 1624 1440 1690 Φιλιππικῶν.

391 1727 487 1792 Miror
516 1727 601 1811 quod
625 1729 743 1812 Flaeh,
776 1749 970 1813 quamquam
1001 1727 1143 1794 codicem
1173 1727 1335 1794 Eudoeiae
1364 1748 1444 1794 eon-

305 1831 427 1916 tulit*),
461 1837 569 1898 tamen
592 1832 614 1897 l.
640 1833 662 1897 l.
690 1853 722 1917 p.
745 1836 803 1897 105
834 1832 868 1897 in
891 1832 1023 1898 violario
1046 1833 1107 1898 hoe
1128 1833 1197 1898 loeo
1220 1839 1330 1898 extare
1353 1831 1445 1898 affir-

303 1941 370 2000 mat
392 1933 452 2000 τὸν
480 1933 566 2000 κατὰ
590 1937 852 2022 Κερσοβλέπτου
881 1933 1042 2019 πόλεμον,
1078 1956 1149 2002 eum
1180 1933 1240 2002 τὸν
1262 1937 1444 2020 κερσοβλὲ-

305 2063 403 2106 πτειν
424 2039 469 2105 ibi
491 2041 627 2124 legatur,
655 2047 816 2108 servatum
839 2041 922 2107 illud
944 2061 962 2108 e
984 2039 1163 2107 Basileensi
1177 2039 1349 2106 Phavorini
1371 2039 1445 2106 edi-

303 2145 390 2212 tione
419 2150 451 2211 et
480 2164 498 2210 e
521 2145 642 2229 duplioi
672 2165 840 2229 operarum
871 2144 986 2212 mendo
1009 2151 1121 2211 ortum.
1169 2145 1333 2211 Romanae
1356 2145 1444 2210 enirn

304 2269 423 2333 operae
446 2247 533 2333 πρὸς
555 2249 792 2334 praepositione
815 2250 934 2316 omisso
964 2246 1023 2315 τὸν
1045 2249 1297 2336 κερσοβλέπτην
1322 2250 1445 2315 effece-

304 2359 393 2432 rant3
430 2373 448 2418 e
479 2373 541 2436 quo
570 2352 655 2434 quod
683 2353 888 2420 Basileenses
917 2353 1060 2418 lecerunt
1088 2349 1149 2418 τὸν
1181 2353 1445 2438 κιρσοβίέπιειν

304 2457 400 2541 paulo
423 2457 530 2540 etiarn,
564 2456 591 2521 si
613 2456 682 2522 fieri
705 2463 827 2542 potest,
852 2457 1013 2542 ineptius,
1046 2457 1081 2522 id
1110 2476 1180 2522 eurn
1204 2461 1312 2522 servet
1333 2455 1445 2522 Eudo-

303 2561 354 2626 cia
380 2581 462 2643 quae
492 2559 618 2642 dieitur,
651 2560 728 2643 quin
758 2567 831 2646 post
859 2581 977 2626 annum
1006 2564 1085 2626 1538
1109 2560 1273 2646 scripserit
1301 2559 1443 2626 dubitari

303 2664 424 2748 nequit.

391 2771 421 2831 2.
452 2767 540 2852 Περὶ
562 2773 623 2832 τοῦ
647 2767 741 2854 Θαλῆ
771 2768 854 2833 Eud.
880 2787 912 2852 p.
939 2771 1013 2832 228.
1060 2769 1180 2834 Fontes
1210 2767 1338 2853 glossae
1369 2775 1445 2834 sunt

305 2870 424 2936 Suidas
447 2877 479 2936 et
500 2869 600 2935 Phar.
626 2892 659 2955 p.
679 2873 752 2934 880.
793 2871 898 2954 Atque
921 2871 1042 2938 Suidae
1065 2871 1194 2955 quidem
1217 2871 1298 2937 haee
1319 2869 1444 2937 deben-

303 2981 371 3040 tur:
399 2970 568 3060 Μιλήσιος
582 3012 625 3021 -
641 2967 819 3040 ἀθάνατον
834 2981 866 3040 et
881 2979 1022 3060 φέρεται
1037 2969 1142 3041 αὐτοῦ
1157 3013 1197 3022 -
1214 2969 1299 3038 ἄλλα
1316 2971 1442 3038 πολλά.

304 3079 394 3156 Quae
417 3077 517 3143 Flaeh
540 3099 572 3164 p.
599 3081 639 3142 43
670 3099 688 3144 e
711 3077 812 3143 Suida
834 3097 929 3163 posse
952 3077 1069 3144 hausta
1091 3099 1165 3144 esse
1187 3085 1301 3162 negat3
1335 3099 1442 3162 neque

304 3181 388 3248 enirn
419 3181 658 3248 commemorari
688 3181 775 3267 apud
803 3181 896 3246 illurn
918 3182 1002 3248 inter
1022 3181 1170 3248 Thaletis
1193 3183 1291 3248 libros
1312 3181 1443 3248 titulum

305 3285 384 3372 περὶ
408 3283 601 3370 ἐκλείψεως,
628 3305 722 3368 quern
746 3291 919 3351 extremum
943 3283 1085 3352 nominat
1099 3285 1253 3352 Eudoeia.
1293 3285 1336 3352 At
1350 3285 1446 3352 finxit

305 3409 376 3454 euru
407 3389 532 3454 titulum
562 3389 714 3454 falsarius
744 3407 762 3453 e
786 3387 905 3454 Suidne
933 3388 1040 3454 verbis
1071 3387 1294 3474 ἐκλείψεις
1322 3413 1357 3454 τε
1385 3391 1447 3454 καὶ

305 3489 479 3578 ἰσημερίας
502 3493 713 3579 κατείληφεν,
744 3491 855 3575 qualis
877 3513 939 3556 non
962 3512 1065 3577 panea
1087 3493 1179 3558 illurn
1202 3493 1335 3560 finxisse
1357 3493 1447 3560 infra

304 3594 480 3660 docebitur.
528 3596 664 3679 Reliqua
686 3615 703 3660 e
727 3595 908 3660 Phavorino
932 3595 1121 3680 deprompta
1143 3605 1233 3678 sunt,
1267 3597 1323 3679 qui
1345 3596 1445 3663 fonti-

304 3699 364 3764 bus
394 3699 493 3764 utitur
526 3698 595 3764 his:
617 3699 743 3765 ·Sehol.
769 3699 866 3764 Arist.
893 3701 952 3764 Av.
982 3703 1063 3763 tolo
1091 3701 1167 3782 (τῶν
1189 3696 1277 3764 ἑπτὰ
1300 3697 1447 3786 φιλοσό-

304 3825 382 3888 φων
404 3799 453 3878 εἷς
475 3807 611 3887 γέγονεν
634 3809 666 3869 et
691 3791 729 3888 ἦν
752 3801 787 3866 δὲ
812 3801 869 3866 ἐπὶ
892 3807 1078 3888 γεωμετρίη
1101 3803 1376 3891 διαβεβοημένοις)
1412 3813 1449 3871 et

303 3905 441 3971 Scholiis
464 3907 519 3970 Ar.
537 3907 622 3972 Nub.
645 3910 705 3971 180
728 3905 865 3972 Aldinis.
912 3907 1044 3972 Fontem
1067 3913 1173 3973 autem
1195 3906 1358 3973 Eudoeiae
1379 3907 1450 3974 Ba-

374 4165 395 4228 *l
418 4165 520 4220 Nescio
544 4183 580 4220 sn
598 4167 687 4234 magis
706 4168 790 4221 etiarn
815 4167 970 4221 mirandum
994 4167 1045 4232 sit,
1073 4169 1148 4237 quod
1174 4165 1249 4220 idern
1274 4165 1317 4220 vir
1342 4167 1455 4225 doetus

305 4253 333 4307 in
359 4252 494 4306 editionis
521 4267 590 4306 suae
616 4261 751 4323 apparatu
780 4255 879 4310 oritieo
902 4254 1114 4326 κερσιμλίκιεω
1137 4261 1168 4310 ut
1192 4253 1300 4312 codicis
1325 4253 1457 4318 Parisini

304 4341 453 4396 lectionem
472 4343 548 4396 reete
567 4339 674 4398 laudat.
