3258 4924
794 453 1005 517 ..62-

331 651 372 717 A.
388 649 406 715 Ι
425 671 454 734 p.
471 651 534 714 296
550 671 574 713 s.
592 667 619 712 v.
635 643 835 728 πρόπεμπτα·
860 640 895 708 ro
911 639 970 724 πρό
985 640 1072 708 πέντε
1092 638 1216 725 ἡμιρῶν
1237 647 1294 725 τῆς
1315 639 1471 726 ἐκκλησίας

331 749 536 838 προγράφειν,
575 748 622 816 ὅτι
656 748 741 814 ἔσται
771 748 930 830 exarcatu,
961 748 989 812 εί
1016 743 1111 828 τύχοι.
1162 745 1190 809 εἰ
1216 743 1277 810 ἔδοι
1312 747 1471 830 ἐκκλησίαν

331 854 476 939 γενέσθαι
498 859 540 943 τῇ
561 849 692 941 ίεκοίτῃ,
721 849 916 934 προέγραφον
937 847 966 913 οῖ
988 846 1146 932 πρυτάνεις
1172 847 1234 913 cino
1256 855 1311 933 τῆς
1333 847 1472 932 πέμπτης

329 957 376 1024 ὅτι
412 957 506 1022 ἔσται.
558 953 674 1042 Itaque
705 955 847 1040 quinque
880 954 1003 1018 dierum
1040 953 1244 1018 intervallum
1280 954 1364 1020 inter
1397 973 1470 1038 pro·

210 1133 215 1142 ,
330 1081 474 1148 gramma
504 1058 662 1124 contionis
691 1080 711 1123 a
738 1057 929 1142 prytanibus
959 1056 1087 1142 publice
1116 1057 1317 1142 propositum
1340 1063 1373 1120 et
1396 1075 1469 1122 con·

330 1165 452 1232 tionem
473 1163 577 1247 ipsam
599 1161 778 1228 habendam
794 1181 835 1225 ex
851 1160 924 1246 lege
938 1158 1154 1224 necessarium
1171 1164 1260 1224 erat:
1283 1158 1338 1224 illa
1360 1167 1468 1226 autem

329 1263 468 1330 formula
489 1273 644 1351 prytanea
667 1264 820 1330 iubentur
841 1263 930 1329 nulla
952 1283 1043 1328 mora
1064 1263 1252 1347 interposita
1266 1283 1469 1349 programma

332 1389 512 1454 proponere
535 1375 571 1434 ut
594 1375 668 1456 post
689 1369 836 1454 quintum
858 1366 943 1434 diem
966 1367 1071 1432 contio
1094 1367 1206 1432 haberi
1227 1367 1338 1453 possit

434 1469 485 1534 ad
516 1491 585 1536 rem
615 1491 746 1556 prorsus
779 1470 917 1536 similem
949 1471 1112 1556 pertinent
1140 1471 1208 1536 sinc
1240 1469 1338 1536 dubio
1370 1468 1469 1534 verba

330 1572 450 1639 decreti
471 1595 502 1638 n.
524 1574 605 1638 369:
636 1571 712 1640 ὅταν
740 1572 1009 1657 α’ναπληρωθῶσιν
1038 1571 1069 1636 αἱ
1090 1571 1125 1638 ἔκ
1148 1579 1204 1638 τοῦ
1235 1571 1330 1654 νόμον
1359 1569 1468 1656 ἡμέραι

330 1676 371 1742 de
401 1677 520 1744 iudicio
553 1697 573 1742 a
604 1677 828 1744 thesmuthetis
863 1677 1081 1744 convocando.
1135 1677 1230 1752 Quod
1264 1677 1470 1744 confirmatur

329 1780 401 1864 lege
424 1779 511 1865 apud
535 1779 627 1846 Dem.
651 1783 692 1845 43
715 1780 733 1862 ξ
757 1783 813 1848 75:
842 1815 878 1828 —-
903 1778 1051 1864 [ἄρχων]
1080 1777 1360 1863 προσκαλιοίιμενος
1390 1775 1468 1860 πρό-

329 1906 455 1962 πεμπτα
476 1885 525 1946 καὶ
548 1883 670 1965 τίμημα
693 1881 943 1964 ἐπιγραψάμενος
957 1921 999 1932 -
1015 1871 1262 1966 εἰσαγαγὲταιέίς
1278 1879 1334 1965 τήν
1351 1880 1470 1964 ἡλιαίαν

330 1983 386 2066 (cl.
410 1985 492 2051 Poll.
516 1987 546 2067 8,
568 1987 636 2065 87).
673 1985 881 2050 Intervallum
904 1986 1001 2070 igitur
1016 1987 1048 2051 in
1071 1985 1187 2051 iudicio
1206 1986 1382 2071 legitimum
1404 2005 1470 2050 non

329 2087 489 2154 diversum
511 2087 572 2152 fuit
594 2089 635 2154 ab
658 2089 843 2154 contionum
865 2089 1043 2155 intervallo.

434 2191 575 2266 Quae'si
597 2199 726 2260 rectae
756 2213 806 2259 me
830 2193 993 2279 disputata
1022 2198 1112 2274 sunt,
1135 2193 1280 2279 sequitur
1301 2211 1470 2258 numerum

330 2295 458 2380 quidem
488 2295 673 2362 contionum
703 2295 934 2362 ordinariarum
965 2297 1161 2380 constitisse,
1191 2298 1258 2363 dies
1288 2317 1365 2363 vero
1395 2318 1470 2362 oon·

330 2399 454 2464 tionum
476 2419 580 2484 neque
603 2399 676 2485 lege
699 2420 805 2486 neque
827 2401 939 2486 populi
969 2401 1099 2468 decreto
1121 2402 1204 2467 fixos
1226 2401 1341 2484 luisse,
1370 2400 1427 2466 sed
1449 2422 1470 2465 a

330 2501 518 2587 prytanibus
541 2501 664 2568 deliniri
685 2504 813 2568 solitos:
836 2504 897 2570 nisi
919 2505 1005 2588 quod
1028 2506 1168 2590 populus
1187 2504 1312 2591 copiam
1328 2503 1470 2570 habebat

328 2607 518 2691 prytanibus
551 2606 745 2691 imperandi,
778 2614 814 2672 ut
843 2609 975 2693 legitimi
1010 2609 1169 2674 intervalli
1202 2609 1327 2674 ratione
1358 2608 1470 2674 habita

329 2729 424 2795 quarn
449 2710 613 2775 celerrime
641 2710 709 2776 lieri
739 2717 847 2797 posset
878 2711 1060 2777 contionem
1082 2711 1225 2798 aliquem
1246 2717 1469 2778 convocarent

330 2811 501 2887 Quomodo
513 2819 622 2878 autem
633 2812 754 2878 lactum
764 2814 804 2878 sit
815 2819 850 2878 ut
862 2819 969 2878 tamen
979 2813 1086 2898 plures
1094 2815 1260 2880 contiones
1270 2814 1467 2880 haberentur

328 2914 441 2980 diebus
463 2916 620 2982 mensium
646 2916 706 3000 XI,
729 2915 826 2999 XXI,
849 2915 959 2999 XXX,
983 2917 1023 2983 de
1047 2939 1087 2984 eo
1110 2917 1175 2982 iam
1202 2939 1300 3005 supra
1332 2917 1468 3002 exposui

329 3039 382 3104 pg.
405 3022 456 3084 56.

734 3209 770 3292 3)
794 3208 948 3294 Ἐκκλησία
971 3213 1066 3294 κυρία.

432 3371 485 3436 Dc
515 3373 664 3438 contione
696 3393 779 3459 quae
809 3375 897 3456 κυρία
928 3373 1043 3440 dicitur
1073 3377 1351 3461 grammaticorum
1380 3379 1470 3443 testi·

331 3475 439 3542 monis
461 3483 590 3562 praeter
613 3497 652 3542 ea
675 3495 758 3560 quas
780 3499 878 3564 supra
900 3478 1053 3564 adscripsi
1078 3478 1158 3544 haec
1177 3485 1322 3546 exstant:

435 3605 462 3667 l.
485 3603 566 3670 Lex.
591 3602 740 3668 cantabr.
764 3627 787 3670 s.
808 3625 836 3670 v.
859 3605 947 3690 κυρία
969 3605 1121 3692 ἐκκλησία·

436 3769 470 3778 -
500 3771 538 3784 -
562 3730 685 3816 ἄμεινον
708 3729 761 3799 οὖν
783 3733 999 3820 Ἀριστοτέλης
1015 3737 1077 3820 (ita
1087 3737 1213 3822 Nauck,
1237 3737 1307 3805 cod.
1326 3738 1472 3823 Ἀριστο-

330 3835 433 3914 τίλει)·
462 3833 517 3914 τολς
540 3835 600 3920 γολρ
622 3836 723 3922 ἀρχιίς
744 3836 778 3904 ἓν
801 3847 867 3916 ταῖς
889 3841 1003 3921 κυρίαις
1025 3843 1193 3926 ἐκκλησίαις
1215 3841 1313 3929 ἔφησε
1334 3869 1471 3928 χειροτο-

330 3945 453 4004 νεῖσθαι
475 3939 587 4026 (φησίν
609 3934 903 4026 ἔπίχειροτονεῖοθαι
915 3943 1040 4026 Maior),
1062 3947 1111 4010 καί
1134 3942 1191 4023 τοὶς
1213 3947 1397 4029 ιίσαγγελίας
1419 3951 1471 4012 καὶ

318 4041 369 4108 τὰ
391 4039 469 4108 ἄλλα
492 4043 562 4127 (τὰς
584 4043 678 4124 ἄλλος
701 4045 784 4129 cod.)
814 4053 877 4110 τῶν
898 4045 1070 4130 ἀναγκαίων
1092 4051 1302 4132 χρηματίζειν,
1330 4052 1380 4116 καί
1402 4055 1471 4134 περί

330 4146 416 4212 σίτου
438 4149 488 4213 καὶ
518 4149 582 4232 (καὶ
604 4151 678 4216 add.
700 4151 789 4216 Rose
818 4151 914 4217 Arist.
943 4151 1056 4236 pseud.
1085 4171 1114 4236 p.
1138 4155 1216 4236 437)
1246 4154 1386 4240 φυλακῆς
1415 4157 1471 4240 τῆς

288 4305 290 4312 ,
329 4247 446 4333 χώρας,
470 4254 519 4316 καί
549 4250 603 4330 τὰς
625 4251 809 4338 ἀπογραφαῖς
838 4259 903 4318 τοῖν
931 4253 1155 4339 δημευομίνιον
1176 4255 1390 4341 ἀναγινώσκειν
1418 4262 1469 4323 καί

329 4349 386 4428 τοίς
408 4351 503 4438 λήξεις
524 4355 644 4436 (δείξεις
668 4355 753 4436 nod.)
782 4361 847 4421 ταῖν
867 4355 995 4440 κλήρων.
1032 4359 1082 4422 ἐπὶ
1103 4359 1140 4424 δὲ
1161 4366 1217 4444 τῆς
1246 4359 1334 4446 ἕκτης
1356 4387 1470 4444 πρυτα-
