3238 4930
284 453 326 516 ιο
805 443 897 528 [πο]

283 638 428 726 ἁρμάτων
450 641 703 718 coniunxerunt3
734 637 787 701 ubi
814 636 917 702 solum
948 642 1134 722 posuerunt,
1162 635 1421 721 significaverunt

284 770 357 814 cum
381 746 469 832 cquis
491 743 631 824 raedam,
655 762 736 828 quae
759 741 797 806 iis
819 745 869 806 est
890 741 1007 806 iuncto.
1252 817 1259 836 ι

387 850 552 916 Sententia
575 849 674 934 igitur
696 847 767 925 loci,
790 845 831 910 de
853 866 915 930 quo
939 845 1055 929 agitur,
1079 846 1106 910 si
1122 844 1198 932 quid
1216 844 1318 921 uideo,
1341 845 1422 910 baec

284 963 346 1021 est:
371 955 420 1035 ,0
442 955 487 1018 tili
510 951 637 1038 Oedipi,
660 952 757 1016 timeo
780 949 891 1015 andito
916 949 1084 1014 raedarum
1102 950 1236 1036 strepitu
1252 969 1422 1034 equorum·

284 1081 345 1146 que
367 1057 524 1138 fremitn“,
549 1077 620 1121 cnm
643 1076 707 1140 qua
729 1054 872 1142 apprime
895 1074 1007 1118 versus
1030 1059 1203 1141 sequentes
1224 1059 1422 1139 congruunt:

534 1159 585 1226 ὅτε
608 1186 641 1225 τε
664 1158 800 1242 σύριγγες
823 1157 968 1241 ἔκλαγξαν
989 1157 1148 1242 ἑλίτροχοι,

533 1264 663 1329 ἱππικῶν
687 1262 712 1328 τ’
735 1261 833 1328 uincor
855 1262 1012 1346 πηδαλίων
1033 1263 1082 1326 δίο

532 1367 643 1449 στόμια
665 1373 890 1451 πυριβρεμετᾶν
910 1370 1055 1451 χαλινῶν,

286 1495 422 1560 quorum
444 1473 545 1558 primo
568 1473 751 1558 depingitur
780 1471 949 1537 raedarum
977 1472 1129 1556 crepitus,
1159 1471 1285 1539 duobus
1313 1480 1420 1559 poste·

284 1579 420 1644 rioribus
443 1577 587 1644 fremitus
609 1597 776 1662 equorum.

388 1681 484 1748 Addo
516 1681 729 1748 commendari
760 1681 973 1746 coniecturam
1006 1701 1109 1747 meam
1144 1701 1199 1762 eo,
1233 1681 1318 1767 quod
1353 1681 1420 1748 iere

284 1789 373 1854 nulla
398 1787 573 1852 mutatione
596 1785 739 1851 adhibito
760 1787 856 1870 plena
885 1786 1106 1870 antistrophse
1136 1787 1302 1872 responsio
1330 1785 1422 1852 resti·

285 1893 393 1974 tuitnr,
417 1911 501 1978 quae
525 1911 596 1954 cum
619 1911 715 1955 versu
738 1889 899 1974 strophae,
922 1889 1003 1955 sicut
1025 1911 1045 1954 a
1066 1890 1227 1976 plerisque
1245 1890 1421 1956 editoribus

283 1997 439 2076 scribitur,
461 1996 521 2060 nisi
543 1995 744 2080 gravioribus
767 1995 996 2060 mutationibus
1013 1995 1095 2060 effici
1109 2017 1174 2061 non
1189 1999 1305 2080 potest.
1337 1993 1421 2060 Nam

284 2122 356 2166 cum
379 2108 443 2166 tres
465 2099 558 2185 primi
580 2121 689 2164 versus
713 2099 930 2184 antistropbae
951 2098 1020 2164 fere
1042 2099 1087 2164 sio
1110 2099 1217 2164 traditi
1238 2099 1315 2163 siut:

489 2218 556 2284 ἀλλ’
578 2222 626 2285 ἐπὶ
647 2219 803 2301 δαιμόνων
825 2219 999 2303 πρόδρομος
1021 2215 1123 2304 ἦλθον

489 2324 602 2408 ἀρχαῖα
623 2322 717 2408 βρέτη
740 2325 862 2402 πίσυνος
885 2331 971 2402 θεοῖς

489 2426 612 2514 νιφάδος
634 2425 680 2492 ὅτ’
703 2425 791 2505 όλοᾶς

491 2585 670 2670 νειφομένης
691 2583 805 2668 βρόμος
828 2585 861 2648 ἒν
883 2583 1000 2663 πόλοις,

285 2707 326 2773 ad
341 2708 582 2794 responsionem
598 2705 827 2774 restituendam
845 2707 982 2774 editores
998 2729 1061 2774 non
1074 2709 1178 2774 solum
1190 2710 1291 2774 verba
1302 2710 1423 2786 πιόινος

284 2819 316 2878 ct
338 2819 424 2891 θεοῖς
447 2817 722 2899 transposuerunt,
745 2832 808 2898 qua
830 2813 1077 2899 transpositione
1100 2813 1185 2880 omni
1212 2813 1307 2879 modo
1340 2833 1423 2898 opus

284 2924 341 2998 cst,
370 2917 426 2983 sed
449 2925 616 3006 praeterea
638 2918 737 2983 verba
759 2915 886 3002 νιφάδος
909 2925 940 2984 et
963 2915 1025 2996 δτι,
1054 2925 1087 2984 et
1115 2919 1316 2986 inseruerunt
1346 2924 1421 2984 ante

283 3021 374 3100 ὀλοᾶς
397 3022 666 3109 praepositionem
688 3021 760 3104 a‘nd,
783 3043 865 3108 quse
881 3022 986 3108 aptius
1003 3020 1103 3106 deest,
1119 3032 1156 3089 ut
1170 3026 1216 3090 ita
1230 3023 1422 3090 scriberent:

480 3133 546 3199 ἀλλ’
569 3137 618 3199 ἐπὶ
642 3132 792 3216 δαιμόνιον
810 3135 815 3217 Ι
836 3133 1005 3218 πρόδρομος
1027 3131 1130 3220 ἦλθον
1151 3135 1206 3220 α’ρ-

476 3246 552 3323 χαῖα
574 3237 680 3323 βρέτη,
704 3245 789 3317 θεοῖς
810 3239 966 3322 Ιπίσυνος,
988 3236 1040 3304 ὅτε
1063 3238 1191 3326 νιφάδος

481 3341 533 3408 ἀπ’
556 3341 644 3421 ὀλοᾶς
667 3341 839 3429 νιφομέλνας
860 3341 973 3427 δρόμος
995 3347 1028 3410 ἐν
1050 3344 1165 3424 πόλαις.

285 3457 422 3522 Versum
439 3477 514 3524 vero
531 3457 692 3544 strophae,
710 3457 836 3543 qualem
853 3479 912 3524 nos
928 3457 1175 3538 emendavimus,
1191 3459 1422 3545 antistropbioo

284 3583 394 3649 parem
415 3561 569 3628 efficimus
585 3567 712 3649 praeter
726 3561 814 3626 illam
828 3563 1041 3630 necessariam
1057 3563 1337 3648 transpositionem
1352 3564 1422 3628 sola

285 3666 406 3732 formae
429 3673 515 3744 θεοῖς
537 3668 570 3730 in
594 3672 691 3731 θεοῖσι
715 3666 891 3747 mutatione
914 3665 1065 3748 adhibite,
1088 3688 1183 3753 quam
1203 3667 1337 3733 formam
1359 3669 1423 3734 iam

284 3769 408 3836 Seidler
431 3770 470 3837 de
493 3791 573 3836 vers.
597 3769 722 3835 doohm.
745 3791 776 3856 p.
800 3773 841 3836 56
864 3772 1041 3856 proposuit,
1065 3777 1100 3838 ut
1122 3772 1312 3838 scribamus:

474 3872 540 3938 ἀλλ’
562 3875 611 3938 ἰπὶ
633 3873 788 3955 δαιμόνων
806 3879 812 3954 Ι
831 3873 1004 3958 πρόδρομος
1026 3871 1126 3960 ἦλθον
1149 3875 1205 3958 ἆρ-

470 3985 545 4062 laia
566 3977 661 4064 βρέτη
684 3977 789 4066 &soiius
811 3979 934 4058 πίσυνος
957 3978 1081 4066 νιφάδος

472 4081 518 4148 ὅτ’
540 4082 630 4163 ὀλοοῖς
653 4084 822 4173 νιφομέλνπς
844 4083 957 4170 δρόμος
980 4087 1013 4150 ἒν
1034 4083 1150 4164 πόλοιις.

386 4291 421 4374 2)
446 4291 614 4358 Secundus
638 4317 759 4378 versus,
783 4296 814 4360 in
841 4315 903 4382 quo
927 4296 1123 4364 recentiores
1146 4293 1285 4364 editores
1309 4301 1422 4361 contra

283 4395 382 4466 libros
404 4398 536 4464 verbum
559 4399 814 4486 geminaverunt,
837 4399 888 4466 hic
911 4403 974 4462 est:
