3274 4934
783 333 995 396 -66-

363 545 446 621 Ἶσιν
468 552 528 643 τὴν
552 553 588 621 ἒν
612 549 733 632 Φίλαις
756 553 994 643 προσκυνήσας
1017 579 1067 633 τις
1089 549 1228 638 εὐτυχεῖ,

368 654 429 742 οὐχ
452 653 505 724 δτι
527 655 635 742 μόνον
658 661 808 742 πλουτεῖ,
836 659 1006 740 πολυζιοεῑ
1030 653 1058 725 δ’
1077 653 1146 743 ἅμα
1169 656 1288 744 τούτῳ.

367 764 509 850 τραφεὶς
532 759 558 827 δ’
579 759 643 848 ἐγὼ
664 761 735 848 πὰρ
760 768 874 850 Φαρίᾳ
890 760 989 829 Ἴσιδι
1012 757 1129 830 ἐνθάδ’
1156 761 1291 850 ίκὸμην·

368 867 437 950 εἰμί
460 862 488 932 δ
515 863 579 952 ἐγὼ
601 872 747 954 Σερῆνος
770 865 909 954 Βόηθος
933 861 1123 952 ἀγακλυσοῦ
1145 867 1378 948 Πτολεμαίου·

324 999 336 1036 ο
367 965 455 1054 ὁμοῦ
477 969 539 1038 σὺν
564 968 685 1058 Φήλικι
707 973 764 1035 καί
779 965 997 1057 Ἀπολλωνίῳ
1021 967 1191 1058 ζωγράφῳ

365 1087 529 1172 χρησμοῖς
551 1072 766 1151 Ἀπόλλωνος
789 1069 986 1162 inanimale}
1013 1070 1158 1152 δίνακτος

367 1179 525 1245 σπονδῶν
547 1179 603 1243 καί
626 1184 757 1244 θυσιῶν
780 1177 877 1246 ἕνεκα
901 1173 1017 1246 ἐνθάδ’
1044 1178 1183 1262 ίκόνιος,

368 1280 523 1366 δεόμενοι
544 1281 601 1346 καὶ
623 1280 753 1348 τούτων
774 1295 973 1366 μετασχεῖν·
1001 1288 1136 1369 πρέπον
1159 1279 1220 1370 γὰρ
1246 1271 1317 1370 ἦνἸ

568 1379 714 1469 suffisia]
741 1393 858 1470 μῶμον
883 1381 1045 1475 εὑρήσεις.

394 1559 420 1595 v.
435 1543 460 1594 a.
486 1532 612 1680 ligus.
645 1559 671 1598 v.
688 1543 712 1594 ο.
733 1545 931 1596 καικκτοιο.
963 1559 990 1596 v.
1005 1545 1030 1594 r.
1050 1541 1385 1602 euennrruosreel.

394 1644 421 1682 v.
437 1629 461 1681 a.
488 1632 532 1680 or
560 1632 638 1680 eun.

411 1782 548 1849 Carmen
572 1783 613 1848 ab
635 1783 764 1849 humine
787 1785 931 1849 Romano
953 1784 1099 1870 imperite
1130 1783 1247 1850 fautum
1277 1783 1310 1848 iu
1341 1781 1460 1868 pariete

326 1886 417 1952 aedis
432 1907 494 1951 non
510 1887 675 1952 absolutae
685 1889 706 1971 ²)
732 1888 920 1972 inscriptum
944 1896 992 1953 est
1015 1888 1127 1953 eodem
1151 1889 1219 1952 Ιοοο
1245 1895 1341 1971 atque
1364 1887 1458 1951 Kaib.

325 2011 356 2055 n.
385 1993 459 2055 989.
490 1991 526 2056 O.
544 1991 572 2054 Ι.
598 1991 637 2055 G.
663 1989 748 2055 Add.
772 1993 883 2056 4915ο
916 1991 1023 2076 [λοσε.
1049 1991 1094 2056 Vl
1119 1992 1184 2056 tab.
1215 1994 1250 2054 91
1293 1991 1347 2056 Gr.
1372 1993 1460 2070 3l'll.

325 2093 370 2158 ib.
388 2091 472 2158 Add.
492 2097 575 2158 4944
591 2095 622 2175 b,
656 2114 688 2158 v.
716 2097 849 2159 19-13
870 2095 978 2180 [λοσε.
1000 2094 1044 2159 ib.
1070 2094 1124 2160 Gr.
1145 2098 1231 2177 319[,
1265 2117 1297 2160 v.
1325 2096 1461 2158 14-19

330 2197 436 2282 [λοσε.
457 2197 500 2262 ib.
520 2197 576 2261 Gr.
589 2200 676 2280 aaut
704 2197 813 2282 Lepsii
829 2198 1014 2284 apographo
1030 2219 1102 2264 eum
1118 2198 1225 2264 omnia
1241 2197 1359 2282 optime
1376 2195 1427 2261 ref
1444 2233 1461 2243 -

324 2309 435 2366 rantur
449 2307 611 2365 auctorem
633 2320 746 2366 versus
768 2301 837 2366 sive
860 2301 1005 2366 senarios
1032 2302 1101 2368 sive
1116 2301 1318 2368 hexametros
1334 2321 1461 2385 eompu-

325 2417 401 2469 nere
423 2403 564 2469 voluisse
574 2405 595 2486 ³)
624 2403 829 2489 perspicuum
854 2413 913 2470 est.
953 2405 992 2469 V.
1014 2409 1027 2467 1
1053 2405 1242 2471 Leti-ennius
1266 2405 1374 2486 quiin
1401 2403 1462 2468 fine

325 2507 448 2590 legeret
470 2505 708 2595 προσκυνήσας
735 2501 803 2571 τόδ’
823 2505 954 2595 ἐπόησα
976 2528 1102 2574 versum
1124 2509 1258 2574 alterurn
1275 2508 1462 2590 intellegere

326 2631 389 2675 non
410 2611 524 2698 potuit.
556 2611 623 2675 lam
648 2619 783 2696 apparet
805 2612 995 2696 quicumque
1017 2613 1136 2678 Isidem
1159 2613 1242 2678 eolat
1271 2611 1398 2677 felicem
1421 2609 1462 2675 ab

326 2720 454 2778 auctore
485 2715 655 2799 appellari.
696 2715 735 2779 V.
761 2719 780 2778 2
810 2713 981 2794 πολυζιοεῖ
1002 2736 1043 2780 ex
1066 2717 1162 2781 verbo
1185 2711 1361 2793 πολύζωος
1381 2733 1462 2777 nouo

327 2819 475 2902 exemplo
490 2817 670 2883 derivatum
687 2825 746 2883 est.
766 2819 834 2883 V.3
849 2814 1071 2906 ἀπογρασιίις
1087 2819 1170 2901 quod
1186 2818 1373 2883 Letronnius
1389 2839 1464 2882 eon-

326 2922 401 2988 ieeit
415 2922 507 2986 nihili
522 2931 582 2987 est.
611 2923 725 2987 Verbis
741 2929 849 2988 autem
866 2925 1008 3010 τραφείς
1030 2921 1100 3008 πὰρ
1126 2927 1239 3009 Φερίᾳ
1255 2917 1352 2988 Ἴσιδι
1371 2926 1463 3004 (quae

326 3026 360 3090 in
375 3025 480 3090 Pharo
495 3025 603 3091 insula
619 3025 732 3091 eolitur
747 3027 788 3091 ef.
809 3028 845 3092 C.
864 3027 889 3091 Ι.
911 3027 949 3092 G.
968 3029 1089 3112 lllssbl
1110 3033 1220 3093 auctor
1234 3027 1354 3112 pariter
1367 3033 1462 3110 alque

327 3130 464 3196 Catilius
481 3130 587 3195 verbis
603 3129 700 3194 Kaib.
711 3151 744 3194 n.
757 3133 818 3195 978
836 3151 867 3195 v.
879 3135 915 3194 6:
935 3125 992 3194 ἀπ’
1009 3125 1226 3216 Ἀλεξάνδρου
1242 3130 1338 3214 δεῦρο
1355 3123 1466 3212 μολὼν

327 3231 448 3310 πόλιος
470 3233 708 3299 Alexandrinus
730 3233 927 3317 designatur.
943 3272 986 3282 —
1008 3235 1051 3301 Ut
1073 3257 1102 3300 v.
1124 3235 1261 3320 5piut0r
1275 3233 1465 3318 Apollonius

330 3373 366 3385 -
384 3358 441 3422 pru
458 3333 627 3423 ζωγράφῳ
640 3337 831 3402 Letronniua
853 3337 1034 3403 coniecerat
1055 3343 1193 3421 Ζιοτικῷ
1211 3376 1253 3384 -
1269 3337 1315 3401 ita
1327 3337 1364 3401 Ο.
1375 3336 1401 3399 Ι.
1420 3335 1459 3400 G.

326 3445 410 3504 4998
434 3441 541 3526 [λοσε.
565 3441 610 3505 VI
638 3441 704 3506 tab.
730 3443 770 3504 88
795 3440 849 3506 Gr.
877 3445 950 3522 262]
981 3448 1070 3507 autor
1092 3440 1240 3506 Amaerio
1263 3438 1342 3504 Isidi
1372 3458 1463 3504 saera

325 3543 412 3610 fucit.
445 3543 482 3608 V.
503 3543 702 3609 iiLetronnii
724 3544 904 3609 coniectura
920 3538 1327 3630 ΚρηνίδσυἎπολλωνίου
1350 3535 1463 3626 ἀνική-

326 3673 397 3724 τοις
420 3642 624 3734 σἰνάκκορσιν
644 3647 710 3712 iam
744 3647 882 3712 reicitur.
938 3646 1030 3723 Quae
1053 3647 1152 3712 verba
1180 3668 1251 3711 eum
1275 3645 1464 3710 Letrunnius

327 3760 360 3818 et
389 3753 544 3816 Franzius
574 3751 617 3816 ad
642 3752 854 3836 imperatores
884 3752 993 3836 plures
1027 3751 1121 3816 simul
1142 3751 1337 3836 imperantes
1367 3747 1467 3832 perti-

328 3875 403 3922 nere
419 3863 579 3940 putarent,
607 3875 647 3920 ex
670 3855 745 3920 anni
769 3863 845 3920 nota
862 3849 928 3918 ΛΑ
945 3854 1108 3939 adscripta
1131 3855 1221 3920 titulo
1238 3853 1320 3918 ndu.
1340 3853 1462 3934 49444),

405 4081 420 4136 ¹]
444 4080 559 4134 Linenla
577 4076 711 4148 obliqua*
737 4081 791 4134 v.l
814 4085 842 4133 et
862 4081 875 4130 l
895 4078 1012 4148 spiritus
1030 4095 1113 4148 asper
1132 4077 1312 4146 significatur.

401 4165 421 4227 ²)
443 4182 468 4218 v.
485 4167 615 4220 Letuonn.
636 4165 701 4218 Rec.
717 4167 744 4219 ll
758 4183 784 4234 p.
804 4167 851 4216 176
865 4183 906 4235 sq.
928 4166 1046 4233 Lepsius
1060 4167 1072 4219 I
1086 4166 1143 4220 tab.
1163 4167 1218 4230 194,
1233 4163 1268 4218 G.

396 4252 417 4314 ³)
440 4251 542 4306 Confer
555 4269 625 4321 quus
639 4253 741 4307 Kaibel
759 4269 787 4321 p.
804 4255 852 4304 703
866 4253 1041 4344 enumeravit
1053 4269 1151 4307 versus
1164 4251 1330 4305 inconditus.
