3274 4934
739 410 952 468 ,η-

281 617 329 662 vs.
349 603 379 660 4.
399 599 429 660 8.
448 601 478 660 9.
510 597 558 662 Ex
574 597 732 662 contrario
747 603 851 660 autern
868 589 978 661 omnes
993 615 1105 661 novem
1122 615 1233 660 versus
1248 615 1412 662 caesuram

281 699 552 784 penthemimeren
585 704 625 784 (v.
650 704 668 764 3
698 699 731 763 in
767 720 844 766 voce
878 699 1062 784 composita)
1096 699 1257 765 exhibent.
1310 697 1411 776 Quam

281 823 392 868 versus
416 803 546 868 Sotadei
567 803 787 869 formationem
809 802 985 868 Moschioni
1005 810 1113 868 nostro
1135 803 1195 868 soli
1218 822 1281 867 non
1305 801 1415 867 deberi

280 907 426 972 versibus
441 906 607 972 duodecim
631 927 692 971 non
717 907 820 972 minus
836 907 1000 990 eleganter
1018 913 1114 988 atque
1130 905 1171 970 ad
1186 905 1321 970 eandem
1339 926 1414 971 cae-

281 1029 375 1075 surae
390 1029 532 1074 normam
548 1031 568 1074 a
584 1010 724 1075 luciano
739 1013 760 1093 ¹)
788 1008 1233 1094 compositisdemonstratnr.
1274 1009 1357 1074 Nam
1374 1027 1414 1072 ex

282 1115 329 1178 eis
351 1113 431 1196 ipsis
453 1132 580 1195 quoque
602 1114 740 1196 quinque
762 1121 883 1178 tantum
906 1113 1065 1178 diaeresin
1086 1112 1222 1187 habent;
1249 1132 1330 1177 uuus
1356 1132 1415 1176 au-

280 1224 354 1295 tem,
374 1217 428 1299 qui
443 1216 506 1299 legi
523 1235 618 1297 quam
631 1217 773 1282 Moschio
784 1216 966 1282 observavit
981 1218 1096 1294 obstat,
1116 1234 1227 1281 versus
1247 1221 1257 1276 t
1271 1219 1306 1278 16
1322 1215 1415 1297 [Her-

282 1320 506 1385 mannllv.
526 1322 595 1402 80l:

437 1433 510 1505 οὐδ’
529 1433 602 1522 ὠμὰ
624 1437 764 1504 λακιστὰ
787 1445 868 1527 κρέα
892 1437 1079 1522 σιτούμεθα
1103 1437 1237 1525 ταύρων

282 1581 417 1628 caesura
432 1581 527 1644 quarn
540 1561 760 1627 desideramus
776 1560 957 1642 adornatur,
977 1561 1004 1626 si
1019 1561 1222 1646 transpositis
1234 1561 1339 1626 verbis
1356 1560 1415 1623 λα-

283 1659 381 1729 κιστὰ
396 1669 477 1750 κρέα
494 1664 678 1730 scribimus:

439 1779 510 1850 οὐδ’
529 1778 602 1866 ὠμὰ
625 1788 705 1870 κρέα
722 1784 734 1868 ll
750 1782 891 1849 λακιστὰ
914 1783 1101 1867 σιτούμεθα
1124 1779 1267 1870 ταύρων,

283 1907 317 1972 id
332 1905 417 1990 quod
433 1925 470 1971 eo
485 1925 610 1988 quoque
634 1904 872 1970 commendatur
894 1905 980 1988 quod
1000 1926 1150 1972 mensura
1171 1904 1262 1989 pedis
1284 1904 1417 1970 alterius

282 2010 445 2076 codicibus
466 2009 585 2074 tradita
609 2046 629 2053 --
649 2046 669 2052 -
686 2029 710 2055 v
727 2047 749 2054 -
780 2009 970 2075 offendimur
991 2031 1011 2074 a
1033 2010 1174 2075 Lucieno
1203 2008 1236 2073 in
1267 2008 1327 2073 hoc
1348 2009 1416 2074 solo

275 2133 377 2202 ,versu
393 2111 549 2176 adhibita.
583 2112 713 2176 Praeter
732 2113 813 2178 hanc
830 2131 905 2177 vero
920 2133 1086 2178 caesuram
1107 2111 1319 2178 necessariam
1336 2131 1416 2196 pen-

283 2215 491 2280 themimeren
514 2221 546 2278 et
567 2214 599 2278 in
616 2215 808 2280 Moschionis
832 2221 863 2280 et
884 2215 917 2279 in
937 2215 1069 2282 Luciani
1089 2215 1234 2281 versibus
1256 2223 1328 2298 post
1349 2214 1415 2299 pri-

282 2339 365 2383 mam
382 2317 475 2402 pedis
492 2317 576 2383 tertii
592 2317 748 2400 syllabam
770 2317 882 2384 incisio
904 2318 1166 2402 depreciatur,
1192 2326 1226 2383 ut
1248 2318 1280 2383 in
1303 2338 1416 2383 novem

282 2421 475 2486 Moschionis
498 2421 642 2485 versibus
665 2422 763 2486 semel
790 2421 833 2503 [in
857 2440 951 2486 versu
970 2424 1016 2504 ll,
1043 2422 1075 2486 in
1098 2421 1264 2486 duodecim
1285 2421 1416 2486 eroiani

285 2531 333 2590 ter
353 2527 410 2607 [vs.
433 2527 503 2586 113.
526 2527 597 2586 116.
620 2526 688 2604 124}
709 2524 803 2588 absit.
837 2525 904 2589 lam
922 2545 997 2590 vero
1013 2525 1158 2606 quaestio
1173 2525 1238 2604 illa,
1259 2532 1416 2607 quatenus

283 2628 412 2710 regulas
428 2647 449 2690 a
463 2626 646 2691 Moschione
668 2635 699 2690 et
714 2625 853 2691 Lucieno
876 2627 1061 2693 observatas
1081 2627 1152 2711 ipse
1173 2628 1268 2692 huius
1289 2627 1417 2710 generis

283 2749 433 2796 versuum
449 2729 595 2795 inventor
611 2730 768 2806 statuerit,
788 2729 938 2794 ureinekii
948 2732 968 2810 ²]
989 2728 1107 2795 iudicio
1122 2731 1245 2796 incerta
1261 2729 1413 2810 redditur,

285 2833 336 2899 oni
353 2851 465 2898 versus
482 2833 612 2898 Sotadei
629 2832 799 2898 aStobaeo
814 2832 931 2914 traditi,
952 2832 1020 2897 sive
1035 2833 1204 2898 dialectum
1221 2835 1289 2899 sive
1305 2834 1419 2900 dictio-

284 2956 355 3002 nem
373 2935 440 3001 sive
456 2936 643 3000 sententiam
661 2943 796 3018 spectes,
824 2934 973 3000 videntur
987 2935 1112 3018 ceteris,
1139 2957 1218 3019 quos
1234 2937 1418 3002 Athenaeus

284 3038 438 3118 servavit,
464 3037 592 3104 Sotadis
616 3038 760 3102 versibus
784 3059 845 3102 non
869 3038 1040 3104 similiores
1061 3059 1157 3120 quam
1178 3039 1321 3126 insulsae
1336 3041 1417 3105 istae

284 3163 367 3226 quae
383 3141 593 3207 Anacreontis
616 3161 729 3206 nomen
755 3141 946 3206 mentiuntur
969 3143 1192 3207 cantiunculae
1207 3143 1292 3209 veris
1315 3152 1346 3208 et
1360 3163 1417 3225 ge-

284 3246 390 3311 nuinis
420 3245 719 3310 Anacreonticorum
750 3245 924 3309 carminum
954 3244 1106 3327 reliquiis.
1154 3243 1227 3322 Qua
1253 3245 1294 3310 de
1320 3266 1419 3312 causa

283 3370 367 3415 nunc
382 3348 509 3432 quidem
526 3349 707 3413 accuratius
730 3367 769 3412 ea
783 3347 823 3412 de
838 3368 872 3414 re
888 3367 1041 3430 quaerere
1060 3347 1270 3431 supersedeo:
1296 3357 1418 3414 tantum

283 3453 403 3519 addere
419 3453 515 3518 liceat
530 3452 563 3516 iu
579 3451 724 3516 versibus
741 3449 868 3517 Sotadis
884 3452 1010 3514 28-35
1031 3451 1213 3533 [Hermann.
1229 3451 1251 3515 l.
1262 3452 1282 3516 l.
1297 3471 1328 3534 p.
1342 3454 1414 3543 ilbi

285 3563 316 3623 et
331 3555 605 3641 penthemimeren
622 3561 654 3619 et
668 3553 760 3639 pedis
777 3553 859 3618 tertii
871 3553 1058 3619 incisionem
1072 3561 1254 3620 constanter
1269 3553 1416 3619 inveniri.

369 3677 406 3740 ln
422 3676 566 3740 ultimum
590 3677 691 3740 locum
714 3673 933 3757 quaestionem
948 3671 989 3737 de
1005 3672 1198 3738 Moschionis
1213 3675 1296 3739 tituli
1314 3679 1420 3739 aetate

284 3779 476 3845 distulimus.
516 3779 562 3843 Ac
585 3779 721 3862 primurn
743 3776 869 3858 quidem
892 3775 1151 3860 inscriptionibus
1172 3775 1338 3843 demotiois
1354 3789 1418 3841 ter-

284 3883 404 3948 minum
427 3883 577 3960 alterum‚
611 3901 673 3964 quo
696 3887 786 3946 aetas
808 3879 1101 3960 circumscribatur,
1129 3879 1291 3945 habemus.
1336 3879 1417 3944 Nam

284 3973 355 4051 oum
378 3985 567 4070 scripturam
583 3983 771 4050 demoticam
792 3983 885 4048 tertio
902 4003 933 4066 p.
953 3981 1011 4048 Cb.
1030 3984 1159 4048 saeculo
1176 3989 1304 4068 recepta
1319 3983 1419 4066 scrip

355 4247 370 4300 ¹l
392 4242 650 4312 Trogodopodagra
662 4261 688 4299 v.
708 4243 856 4300 ric-rum
880 4257 907 4294 v.
922 4240 1061 4296 Hermann
1075 4241 1092 4294 l.
1108 4241 1125 4295 l.
1141 4255 1167 4308 p.
1183 4242 1243 4304 448,
1263 4255 1290 4293 v.
1306 4241 1416 4294 77-88.

353 4331 371 4394 a]
394 4330 475 4385 Anal.
492 4323 644 4385 Alexandr.
659 4345 687 4399 p.
702 4329 760 4382 246.
