3226 4932
314 392 354 454 au
749 421 791 432 -
839 383 924 468 [aas]
971 419 1013 430 —

309 585 358 645 tro
388 577 540 643 audacter
567 581 707 641 correcto
736 580 769 640 et
796 572 920 638 duobus
949 571 1080 654 reliquis
1110 570 1256 638 versibus
1283 568 1453 655 parallelis

312 681 355 747 ad
377 680 473 747 huius
496 679 679 764 exemplum
703 675 920 754 conformatis,
947 694 1019 740 cum
1042 674 1169 740 ederet:

727 813 751 842 υ
767 833 789 844 -
805 814 856 844 w
872 833 894 842 -
910 795 935 842 *A

728 893 783 964 ἀν’
807 892 1029 985 Ἀμφιάρεων

315 1025 452 1106 Causae,
479 1041 559 1106 quas
582 1021 686 1102 affert,
713 1020 774 1086 hae
791 1028 879 1085 sunt:
907 1039 938 1083 v.
958 1022 1084 1084 26—30
1101 1018 1231 1084 laudato
1247 1037 1295 1098 eo,
1322 1017 1378 1100 qui
1395 1038 1454 1102 pro

311 1127 416 1212 patria
438 1125 576 1204 moritur,
604 1123 710 1210 pergit
731 1121 891 1188 Pindarus
914 1143 946 1188 v.
973 1126 1009 1187 31
1037 1122 1099 1188 sic:

469 1242 508 1310 τὺ
530 1244 576 1322 δέ,
604 1240 783 1308 Διοδότοιο
807 1255 881 1324 παῖ,
908 1240 1065 1325 μαχανάν

469 1347 592 1413 αἰνέων
615 1347 826 1431 Μελέαγρον,
854 1345 977 1411 αἰνέων
1000 1345 1036 1410 δὲ
1059 1346 1115 1410 καλ
1130 1339 1271 1430 Ἕκτορα

469 1446 681 1538 Ἀμφιάρηόν
702 1473 736 1516 τε

468 1548 610 1620 εὐανθέ’
637 1549 856 1629 ἀπέπνευσας
879 1545 1013 1617 ἁλικίαν

316 1680 386 1742 στρ.
406 1655 433 1741 γ’
471 1655 658 1744 προμάχων
681 1651 737 1722 ἀν’
765 1651 892 1739 ὅμιλον,
920 1649 998 1721 ἔνθ’
1025 1650 1156 1740 ἄριστοι

471 1761 571 1844 ἔσχον
593 1763 757 1843 πολέμοιο
780 1772 889 1836 νεῖκος
913 1757 1069 1841 ἐσχάταις
1093 1757 1236 1824 ἐλπίσιν.

402 1882 566 1965 Meleager
596 1889 628 1948 et
657 1881 774 1947 Hector
802 1879 936 1964 patriam
969 1878 1179 1945 defendentes
1213 1889 1453 1964 pugnaverunt.

316 1983 531 2068 Amphiaraus
560 1991 668 2050 autem
691 1982 821 2048 Thebas
844 2003 916 2048 cum
938 1982 1076 2048 Adrasto
1099 2001 1288 2067 oppugnans
1311 1977 1458 2048 mortuus

315 2107 377 2153 non
407 2093 492 2153 recte
522 2087 721 2172 componitur
748 2105 820 2151 cum
843 2087 1006 2170 Meleagro
1037 2092 1069 2151 et
1091 2085 1225 2151 Hectore
1254 2085 1298 2151 ad
1323 2085 1456 2151 laudern

316 2191 560 2276 propugnatoris
575 2197 608 2256 et
623 2188 802 2255 defensoris
817 2189 941 2274 patriae
955 2188 1191 2254 illustrandam.
1232 2188 1363 2254 Scholia
1379 2209 1458 2255 vero

314 2313 429 2359 nomen
445 2292 633 2376 Amphiarai
656 2313 718 2358 non
742 2293 905 2359 exhibent.
946 2291 1058 2376 Itaque
1075 2291 1234 2375 Bergkius
1258 2293 1384 2358 censuit
1407 2293 1457 2357 la-

316 2405 383 2462 tere
406 2395 439 2460 in
461 2393 522 2461 hoc
544 2415 638 2462 versu
660 2415 776 2462 nomen
799 2395 963 2482 proprium
986 2395 1056 2462 eius
1080 2395 1158 2477 loci,
1191 2393 1245 2459 ubi
1268 2393 1354 2460 lilius
1378 2395 1458 2460 Dio-

317 2499 385 2564 doti
399 2497 558 2580 occiderit,
584 2498 669 2581 quod
686 2499 866 2565 coniectura
885 2506 1051 2564 assecutus
1074 2503 1123 2564 est
1146 2489 1201 2562 ἄν’
1219 2491 1456 2584 Ἀμφιάρεων.

317 2602 415 2668 Cuius
439 2599 609 2667 audaciam
632 2601 715 2667 ferra
738 2621 922 2686 possemus,
957 2603 985 2668 si
1013 2621 1154 2687 pugnam
1184 2600 1229 2666 lbi
1251 2603 1457 2669 commissam

314 2723 386 2770 esse
418 2725 438 2769 a
460 2705 625 2770 Thebanis
656 2705 821 2772 sciremus.
869 2704 936 2771 Sed
957 2724 1016 2770 nec
1038 2705 1207 2789 quicquam
1229 2703 1383 2770 traditum
1407 2715 1460 2773 est

314 2807 355 2872 de
378 2807 439 2873 hac
461 2827 585 2892 pugna,
620 2827 723 2890 neque
754 2825 864 2873 verum
892 2813 942 2874 est
963 2807 1152 2893 Amphiarai
1173 2827 1288 2873 nornen
1310 2808 1457 2892 ineptum

314 2929 400 2990 esse,
433 2909 603 2976 dummodo
625 2911 753 2976 tertium
777 2911 1023 2996 comparationis
1045 2931 1108 2976 non
1130 2911 1162 2976 in
1185 2909 1373 2978 defensione
1396 2933 1461 2997 pa-

313 3013 393 3078 triae
417 3013 474 3078 sed
496 3013 529 3078 in
552 3013 738 3079 fortitudine
759 3015 968 3098 praecellenti
983 3033 1175 3098 quaeramus
1191 3011 1382 3098 προμάχων
1397 3009 1458 3080 ἀν’

315 3111 444 3198 ὅμιλον.
488 3116 537 3182 De
560 3117 677 3182 uirtute
699 3123 808 3182 autem
832 3115 1020 3202 Amphiarai
1042 3116 1236 3182 conferendo
1258 3125 1343 3195 sunt,
1369 3138 1458 3202 quae

313 3219 471 3284 Pindarus
486 3218 660 3286 Adrastum
684 3219 792 3286 dicere
816 3219 909 3303 fingit
931 3228 1053 3285 mortuo
1068 3219 1263 3304 Amphiarao
1286 3218 1373 3287 OVI
1393 3226 1454 3286 16:

618 3343 747 3404 Ποθέω
771 3345 930 3424 στρατιᾶς
954 3333 1141 3426 ὀφθαλμὸν
1164 3337 1247 3421 ἐμᾶς

400 3435 595 3528 ἀμφότερον
617 3439 740 3525 μάντιν
762 3436 794 3506 τ’
821 3437 956 3527 ἀγαθὸν
978 3443 1035 3506 καὶ
1057 3442 1153 3528 δουρὶ
1174 3439 1387 3528 μάρνασθαι.

401 3562 494 3640 Quod
517 3571 625 3628 autem
649 3563 769 3629 scholio
792 3583 908 3630 nomen
930 3562 1119 3647 Amphiarai
1141 3583 1203 3628 non
1226 3566 1381 3632 contineri
1410 3568 1462 3634 ait

314 3665 493 3749 Bergium,
520 3665 602 3732 haec
624 3667 754 3732 omissio
777 3666 878 3732 multo
901 3665 1030 3731 facilius
1053 3665 1250 3750 explicatur,
1278 3669 1307 3733 si
1329 3669 1462 3738 duobus

313 3767 496 3834 nominibus
518 3769 656 3854 propriis
678 3770 806 3834 tertium
829 3767 972 3834 additum
996 3775 1055 3846 est,
1082 3789 1176 3852 quam
1200 3769 1229 3834 si
1253 3791 1372 3838 nomen
1395 3773 1463 3840 loci

313 3869 346 3934 in
369 3870 460 3936 libris
483 3871 623 3955 antiquis
647 3872 816 3938 extitisset.
864 3869 998 3936 Accedit
1019 3870 1103 3952 quod
1126 3871 1215 3938 locus
1238 3893 1369 3958 pugnae
1394 3897 1464 3944 non

313 3977 388 4056 apte
412 3973 600 4057 exprimitur
623 3973 729 4039 verbis
753 3967 815 4038 ἀν’
843 3967 1079 4058 Ἀμφιάρεων,
1107 3973 1134 4039 si
1157 3973 1191 4038 in
1215 3975 1329 4042 eodem
1353 3997 1465 4045 enun-

313 4074 390 4140 tiato
413 4075 549 4141 adicitur
572 4072 760 4162 προμάχων
784 4069 848 4141 ἄν’
875 4069 1005 4158 ὅμιλον.

399 4177 581 4262 Epodorum
609 4185 716 4244 autem
748 4176 778 4243 α’
803 4185 836 4244 et
867 4175 894 4262 χ’
927 4199 1038 4244 versus
1068 4179 1242 4264 parallelos
1272 4182 1334 4248 hoa
1364 4188 1467 4254 modo

312 4280 476 4346 constituit
499 4281 676 4364 Berghius:
