3238 4930
727 444 818 528 [181]
1298 455 1339 516 43

306 638 428 702 Locum
461 637 604 712 tertium,
637 635 753 700 Bnoch.
784 639 872 702 cccc
902 634 1013 720 δρόμον
1041 641 1072 716 ἐς
1101 637 1169 721 ὅρος
1199 643 1230 717 ἐς
1258 638 1339 722 ὅρος,

203 743 234 806 in
258 762 415 826 suspenso
446 741 602 827 relinquo,
632 747 738 805 utrum
768 741 962 828 exceptionis
991 743 1063 807 loco
1094 743 1266 809 habeamus
1295 767 1336 810 an

202 847 250 910 vis
284 846 313 910 ei
347 845 512 912 afferenda
543 845 599 928 sit3
638 844 785 931 equidem
815 868 878 912 non
909 846 1009 912 ausim
1040 847 1147 912 invitis
1177 849 1339 915 codicibus

203 951 373 1036 quicquam
394 970 524 1014 novare.

305 1167 324 1230 5
347 1166 380 1226 et
403 1157 439 1242 6)
462 1157 538 1222 Εοι.
561 1159 636 1224 Hel.
661 1161 733 1240 650,
756 1181 850 1245 quem
874 1181 1001 1226 versum
1025 1160 1152 1226 codices
1175 1160 1219 1224 sic
1244 1159 1337 1225 dant:

443 1261 530 1327 πόσιν
552 1260 626 1344 ἐμόν
648 1261 757 1346 ἔχομεν
778 1261 899 1346 ἔχομεν,
922 1260 959 1328 ὃν
981 1263 1099 1346 ἔμενον,

200 1377 236 1435 ut
258 1369 429 1435 dimetrum
453 1367 673 1432 dochmieoum
689 1367 839 1446 efficeret
857 1366 1019 1434 Sbidlorus
1043 1369 1099 1454 (de
1116 1390 1195 1434 vore.
1212 1369 1335 1435 dochm.

200 1497 230 1561 p.
251 1473 309 1558 67)
332 1473 508 1559 duplicavit
530 1471 661 1536 verbum
685 1467 768 1552 ε’μόν,
793 1493 873 1556 quae
898 1473 1082 1538 coniectura
1096 1473 1256 1560 plerisque
1275 1474 1339 1540 edi·

200 1577 323 1643 toribus
347 1585 396 1642 est
415 1577 561 1662 probata,
577 1575 763 1641 Hermanno
777 1576 832 1652 ita,
854 1583 890 1640 ut
906 1584 1128 1662 transponeret
1140 1579 1336 1663 geminatum

200 1678 275 1762 ἐμόν
297 1689 370 1766 post
392 1682 527 1746 alterum
551 1679 667 1765 ἔχομεν.
702 1679 818 1745 Scribit
834 1681 932 1765 igitur
948 1679 1072 1747 Seidler
1095 1703 1220 1746 versum
1236 1683 1295 1748 sic:

443 1781 530 1849 πόσιν
552 1781 628 1866 ε’μόν
650 1782 725 1866 ε’μόν
747 1781 865 1870 ἕχοΙμιν
887 1782 1008 1868 ἔχομεν,
1030 1781 1064 1849 ὃν
1087 1783 1193 1867 ἔμενον

200 1889 404 1956 Hermannus
442 1887 529 1954 πόσιν
550 1885 663 1972 ἔχομεν
685 1886 799 1972 ἔχομεν
817 1887 822 1970 Ι
842 1886 916 1970 ἐμόν
938 1885 1022 1970 ε’μόν,
1046 1885 1080 1952 ὃν
1102 1886 1218 1970 ἔμενον.

305 1993 393 2069 Ques
417 1993 656 2058 emendationes
679 1993 854 2060 reiciendas
878 2013 947 2058 esse
969 2001 1049 2078 puto
1065 1994 1148 2074 ideo,
1172 1993 1245 2079 quia
1260 1993 1337 2058 mihi

197 2097 333 2165 verbum
355 2097 396 2162 ab
419 2099 469 2164 his
490 2099 686 2184 geminatum
709 2096 789 2162 adeo
811 2096 977 2182 indignum
992 2097 1117 2162 videtur
1143 2118 1222 2179 ease,
1246 2097 1333 2184 quod

198 2203 390 2289 repetitione
413 2210 598 2287 urguentur,
621 2207 657 2265 ut
680 2202 806 2266 omnino
828 2202 931 2266 omitti
946 2201 1056 2286 possit.
1091 2200 1193 2267 Multo
1210 2200 1336 2286 dignius

200 2306 285 2392 qnod
318 2306 497 2392 duplicetur
528 2305 604 2370 mibi
634 2325 703 2371 esse
733 2304 858 2370 ridetur
888 2304 1020 2370 verbum
1052 2302 1156 2382 πόσιν,
1190 2304 1275 2391 qnod
1309 2304 1335 2370 si

198 2411 376 2497 repetieris,
398 2410 531 2476 habebis
555 2409 724 2474 dimetrum
747 2407 966 2474 dochmieoum
989 2409 1088 2474 huno:

404 2513 492 2578 πόσιν
515 2511 626 2596 [πόσιν]
650 2511 761 2597 ἔχομεν
779 2513 784 2594 Ι
804 2511 921 2598 ἔχομεν,
944 2511 979 2579 ὃν
1002 2511 1107 2594 ἔμενον

199 2619 345 2686 omnibus
368 2619 506 2684 numeris
528 2616 720 2683 absolutum.
765 2615 847 2682 Nam
871 2623 946 2703 apte
969 2617 1092 2702 syllaba
1115 2624 1258 2682 extrema
1279 2637 1334 2682 an·

198 2725 293 2811 cipite
318 2724 452 2789 dimeter
476 2722 681 2787 dochmiacus
703 2721 882 2789 secernitur
904 2744 923 2786 a
946 2723 1161 2808 sequentibus.

302 2827 364 2901 Qui
387 2824 518 2891 verbum
545 2824 654 2910 ἔχομεν
683 2847 822 2912 urguere
852 2826 1017 2910 maluerit,
1048 2826 1133 2892 huno
1162 2826 1332 2892 dimetrum

197 2931 417 2998 dochmieoum
440 2931 540 3014 possit
561 2930 748 2997 restituere:

426 3033 535 3118 ἔχομεν
557 3032 668 3119 ἔχομεν
690 3033 775 3117 riparia,
795 3035 800 3116 Ι
818 3033 854 3100 ὃν
876 3034 983 3118 ἔμενον
1004 3033 1099 3102 οὖσιν.

302 3247 318 3308 l
343 3251 374 3307 et
398 3240 434 3326 8)
457 3241 518 3306 His
541 3241 618 3308 locis
641 3243 817 3308 addiderim
839 3265 974 3324 versum,
996 3245 1029 3308 in
1052 3266 1114 3331 quo
1139 3245 1330 3310 vocabulum

196 3349 295 3414 semel
318 3347 457 3434 positum
479 3366 543 3410 non
565 3346 606 3410 ab
630 3347 805 3413 editoribus
827 3356 959 3434 propter
983 3369 1095 3414 causas
1118 3348 1266 3414 metricas
1282 3357 1331 3414 est

196 3453 399 3538 geminatum,
422 3450 480 3516 sed
502 3473 522 3515 a
543 3451 670 3516 librario
695 3451 777 3517 falso
800 3452 877 3516 mihi
899 3453 1070 3537 repetitum
1093 3475 1163 3520 esse
1183 3451 1330 3519 uidetur.

195 3557 328 3643 Legitur
351 3556 376 3620 is
400 3553 566 3620 dochmius
589 3555 665 3620 Eur.
688 3555 785 3621 Herc.
812 3559 893 3622 1059
917 3557 962 3622 sio
983 3557 1015 3622 in
1039 3557 1147 3622 codd:

394 3657 511 3741 (aidau
535 3663 592 3738 vai,
615 3658 714 3743 addat)
737 3658 832 3725 ὕπνον
854 3661 949 3727 ὕπνον
970 3661 1123 3744 ὀλόμενον,

393 3759 426 3840 ὃς
449 3761 552 3827 ἔκανεν
575 3761 700 3848 ἄλοχον,
724 3763 823 3847 ἕ(κανι
848 3767 880 3831 δὲ
902 3765 999 3846 τέκεα,
1024 3765 1139 3852 τοξήρει

504 3875 624 3958 ψαλμῷ
643 3867 810 3954 τοξεύσας),

195 3973 249 4039 ubi
271 3973 304 4038 in
326 3971 451 4038 duobus
474 3971 569 4036 trium
595 3972 814 4040 dochmiorum
844 3976 990 4042 thesibus
1019 3975 1131 4041 solutis
1160 3975 1330 4062 insignium

195 4097 369 4153 caesuram,
394 4096 489 4164 quam
513 4074 740 4159 desideramus,
763 4100 833 4145 esse
857 4081 1002 4146 omissam
1027 4079 1179 4147 videmus.

298 4179 362 4246 Sed
384 4181 474 4247 locus
493 4178 565 4244 ideo
590 4181 731 4264 offendit,
755 4183 841 4270 quod
862 4183 946 4250 duae
963 4185 1094 4251 ultimae
1110 4185 1199 4252 verbi
1216 4184 1330 4271 τοξήρει

194 4283 336 4368 syllabae
358 4285 390 4350 in
405 4290 543 4351 metrum
558 4283 781 4352 dochmieoum
798 4309 863 4354 non
877 4297 1012 4375 possunt
1026 4291 1136 4377 redigi.
1179 4291 1330 4378 Suspicor

196 4409 266 4453 oum
291 4389 462 4476 Hartungo
492 4387 663 4457 delendum
690 4413 759 4459 esse
783 4393 919 4462 alterum
944 4393 1052 4478 ὕπνον,
1081 4403 1114 4464 et
1138 4395 1327 4464 mutandum
