3226 4932
605 429 648 440 -
697 395 781 476 [aru
828 433 869 442 -
1287 399 1305 458 s

175 590 290 648 textum
314 589 504 666 receperunt
519 583 658 648 editores
681 605 784 669 paene
806 585 897 650 nulla
919 585 1091 670 peculiaris
1114 583 1201 651 sedis
1217 606 1307 652 men-

174 685 254 752 tione
276 685 374 750 faeta.
421 685 502 750 Sunt
524 693 631 752 antem
653 687 712 752 illa
733 708 774 753 ex
796 687 899 754 isdem
915 688 1069 770 sontibus,
1096 687 1180 753 unde
1200 695 1307 756 textus

175 789 310 856 derivari
332 789 424 872 solet,
450 788 654 877 deprompta:
685 799 720 857 ut
742 792 783 857 ab
806 811 854 872 eo,
881 791 936 876 qni
957 797 1078 858 textum
1102 792 1238 877 scripsit,
1265 793 1307 858 ad

174 893 367 980 supplendas
390 894 515 976 glossas
531 915 571 960 ea
586 915 658 962 esse
673 896 822 982 apposita
836 901 1003 982 appareat.
1051 894 1089 960 In
1112 895 1227 978 quibua
1248 896 1307 962 ad-

173 997 354 1064 ditamentis
384 1018 455 1063 cum
484 997 625 1065 eaedem·
648 1005 756 1065 textus
779 999 966 1084 scriptorum
990 1017 1214 1084 expressorum
1242 999 1306 1065 for-

173 1121 241 1167 mae
264 1108 438 1186 usurpatae
461 1101 526 1167 sint
554 1108 650 1185 atque
672 1103 705 1168 in
728 1103 808 1188 ipsis
830 1103 992 1170 Endociae
1019 1102 1153 1187 glossis,
1188 1103 1307 1169 codicis

44 1191 49 1204 ’
173 1205 307 1271 Parisiui
331 1205 495 1272 librarium
518 1226 582 1271 non
602 1225 675 1273 esse
691 1206 852 1274 diversum
876 1207 917 1273 ab
940 1213 1070 1273 auctore
1085 1205 1213 1272 violarii
1236 1205 1308 1273 elli-

173 1307 262 1374 citur.

256 1412 436 1479 diditionem
459 1413 586 1480 violarii
601 1414 656 1498 qui
671 1413 792 1500 primus
808 1413 898 1480 dedit
912 1414 1120 1481 Villoisonius
1143 1413 1175 1479 in
1191 1413 1305 1480 anecd.

174 1516 261 1582 Gal
290 1517 568 1600 (Venetiis1781),
601 1539 665 1583 non
688 1539 758 1584 eam
781 1538 876 1602 quarn
906 1539 966 1603 par
992 1525 1061 1585 erat
1083 1539 1190 1584 curam
1213 1517 1307 1584 adhi-

173 1621 250 1686 buit.
297 1622 424 1688 Etenim
447 1621 586 1708 plurima
609 1621 727 1688 codicis
743 1621 821 1688 vitia
844 1622 959 1688 tacitus
980 1623 1125 1706 correxit,
1151 1623 1217 1688 alia
1238 1623 1309 1708 ipse

173 1746 234 1790 non
258 1745 362 1811 pauca
383 1725 549 1792 Endociae
579 1725 729 1808 obtrusit,
763 1725 901 1810 denique
930 1726 1107 1812 particulae
1137 1728 1309 1793 nonnullae

173 1830 244 1896 libri
265 1850 362 1896 manu
386 1830 496 1914 scripti
524 1830 557 1895 in
585 1829 724 1897 editione
747 1830 979 1896 desiderantur.
1028 1830 1151 1908 Quibus
1173 1831 1309 1896 maculis

171 1941 205 2000 ut
219 1934 381 2000 Eudociae
404 1941 525 2001 textum
548 1935 708 2016 liberaret,
734 1955 850 2000 novam
873 1933 1045 2000 editionem
1069 1954 1171 2020 nuper
1186 1934 1309 2000 curavit

172 2039 196 2102 Ι.
221 2037 338 2122 Flach,
370 2039 420 2104 vir
441 2038 482 2104 de
504 2038 564 2105 hoc
585 2045 716 2106 anctore
742 2038 830 2104 haud
853 2038 1005 2104 dublein
1028 2037 1139 2124 primis
1162 2038 1306 2104 meritus.

173 2141 234 2221 Qui
257 2162 327 2208 curn
351 2149 384 2209 et
406 2141 548 2209 codicem
570 2142 751 2209 Parisinum
774 2143 897 2228 primus
919 2149 992 2226 post
1010 2141 1232 2208 Villoisonium
1255 2162 1310 2207 ac-

172 2245 312 2311 curatius
329 2245 547 2312 examinasset
569 2253 601 2312 et
624 2245 764 2312 fontibus
787 2245 982 2330 indagandis
999 2265 1129 2330 operam
1152 2245 1304 2328 dedisset,

173 2349 241 2416 lieri
264 2369 326 2414 non
349 2350 506 2435 potuisset
527 2349 605 2434 quin
627 2350 773 2416 omnibus
804 2350 946 2416 numeris
968 2350 1149 2416 absolutam
1173 2350 1309 2416 exbibe-

173 2459 222 2519 ret
242 2453 404 2520 Eudociae
427 2454 616 2536 editionem,
648 2454 712 2520 nisi
738 2453 961 2540 praeiudicata
987 2453 1028 2520 de
1051 2453 1190 2520 auctoris
1213 2475 1309 2539 prae-

131 2597 144 2608 ·
173 2557 292 2622 stantia
314 2555 428 2622 ductus
444 2557 594 2642 opinione
616 2557 695 2624 satis
718 2557 888 2624 multorum
911 2563 943 2624 et
965 2557 1166 2641 egregiorum
1190 2556 1310 2622 codicis

172 2659 319 2726 vitiorum
342 2661 534 2726 mentionem
556 2661 589 2726 in
612 2667 769 2746 apparatu
792 2661 910 2744 critico,
936 2661 970 2726 in
992 2667 1082 2728 textu
1105 2660 1220 2726 eadem
1242 2659 1310 2726 fere

172 2769 270 2848 atque
293 2764 517 2847 Villoisonius,
558 2765 635 2847 quin
667 2765 764 2832 etiam
794 2766 888 2850 plura
923 2786 1019 2849 quam
1048 2765 1106 2830 ille
1136 2764 1307 2830 omisisset.

172 2868 320 2934 Fontium
336 2875 444 2934 autern
466 2868 650 2934 testimonia
665 2890 856 2953 quamquam
877 2868 1032 2936 laudabili
1049 2868 1220 2952 diligentia
1234 2889 1310 2934 con-

172 2971 313 3055 quisivit,
340 2979 446 3038 tamen
469 2991 626 3058 persaepe
649 2972 681 3038 in
703 2971 885 3039 indicandis
909 2972 956 3038 eis
977 2973 1088 3058 procul
1111 2993 1132 3038 a
1153 2992 1229 3038 vero
1252 2973 1311 3038 ab·

172 3095 245 3141 esse
268 3075 371 3141 virum
394 3073 614 3142 doctissimum
637 3097 677 3142 ex
700 3077 747 3143 eis
768 3097 850 3162 quae
873 3076 959 3142 infra
979 3097 1137 3162 exponam
1157 3075 1308 3143 elucebit.

259 3179 440 3263 Antequam
463 3179 710 3246 ebibliotheeae
732 3180 874 3246 tenebris
896 3181 929 3246 in
951 3180 1057 3246 lucem
1074 3180 1232 3265 prolatum
1249 3186 1308 3262 est,

172 3282 336 3348 Endociae
359 3283 528 3349 violarium
556 3285 696 3350 maxima
726 3283 813 3370 apud
835 3284 921 3350 viros
951 3283 1063 3349 doctos
1093 3282 1190 3348 laude
1217 3280 1311 3348 flore-

171 3385 230 3452 bat
252 3393 348 3470 atque
370 3387 593 3472 dignissimum
616 3387 796 3473 videbatur,
826 3387 919 3471 quasi
941 3387 1103 3472 quoddam
1126 3386 1310 3470 »egregium

170 3490 373 3574 antiquitatis
387 3499 637 3575 monumentum,
664 3493 749 3576 quod
764 3491 894 3558 tandem
917 3491 1080 3576 publicam
1103 3491 1207 3558 lucem
1222 3491 1312 3576 aspi-

171 3601 285 3660 ceret«
315 3593 366 3678 [el.
392 3596 488 3662 catal.
513 3595 591 3662 bibl.
617 3597 697 3680 Reg.
724 3596 795 3662 cod.
822 3595 878 3661 Gr.
898 3595 940 3678 Π,
967 3617 1000 3681 p.
1020 3599 1099 3674 6()3;
1127 3595 1310 3660 Fabricius-

170 3697 306 3763 Harless
328 3699 406 3764 bibl.
426 3699 481 3765 Gr.
501 3700 589 3783 Vlll,
609 3706 649 3765 55
663 3703 723 3785 sq.)
765 3701 902 3766 Tantam
918 3700 1056 3766 uirorum
1074 3699 1236 3766 doctorum
1253 3719 1311 3764 ex-

170 3803 388 3888 pectationem
404 3802 510 3870 editus
532 3803 615 3871 liber
636 3825 699 3870 non
715 3805 869 3890 explevit,
895 3804 1013 3890 quippe
1036 3825 1130 3886 quem
1146 3804 1222 3868 novi
1244 3803 1311 3869 lere

170 3905 272 3989 nihil,
308 3913 384 3973 nota
414 3908 568 3992 pleraque
598 3929 639 3974 ex
666 3909 740 3974 aliis
771 3907 912 3975 lontibus
942 3926 1046 3990 neque
1079 3927 1118 3972 ex
1149 3905 1311 3971 codicibus

172 4009 304 4095 optimis
323 4011 468 4098 excripta
490 4014 645 4098 praebere
666 4019 905 4096 cognoscerent.
946 4012 1032 4090 Quos
1053 4010 1216 4078 Eudociae
1239 4009 1311 4075 fon-

172 4122 224 4181 tes
247 4115 402 4198 indagare
433 4114 553 4201 primus
585 4117 708 4182 studuit
729 4116 943 4200 Wyttenbach
967 4137 996 4181 a.
1021 4117 1101 4180 1783
1125 4135 1184 4181 nec
1206 4121 1312 4180 tamen

172 4219 238 4284 nisi
260 4239 370 4284 earum
393 4221 586 4304 glossarum,
620 4240 703 4303 quae
726 4222 785 4286 sub
808 4221 916 4286 littera
937 4221 965 4285 A
987 4219 1194 4285 inveniuntur
1222 4218 1306 4302 (bibl.

171 4324 243 4391 crit.
269 4323 447 4391 Amstelod.
466 4325 510 4408 ΙΙ,
531 4328 560 4408 3,
587 4345 618 4411 p.
639 4328 658 4388 d
681 4326 758 4408 sq).
806 4323 908 4402 Quem
925 4329 1067 4390 ¹secutus
1098 4325 1136 4390 A.
1164 4323 1312 4390 Meineke
